3042 4790
695 341 906 399 ..10-

242 512 372 572 omiserit
394 512 533 588 epistolae
556 512 635 570 illius
658 531 732 585 quae
754 513 811 568 hoo
834 519 922 612 caput
936 511 1053 568 tertium
1075 509 1222 568 continuit
1236 509 1363 584 initium,

240 624 320 698 quod
342 623 465 684 fortasse
488 623 614 682 auctoris
636 621 738 680 habuit
761 621 932 678 familiarem
956 623 1102 696 quandam
1125 622 1363 696 appellationem.

239 734 281 792 Et
311 733 357 792 fec
388 734 496 810 scripta
527 751 590 800 esse
619 751 679 790 uno
710 741 841 806 tempore
868 731 964 805 capita
990 733 1151 790 secundum
1180 739 1209 789 et
1235 732 1362 803 tertium,

239 853 338 903 tumen
361 865 422 904 non
445 843 566 902 dubium
591 849 646 914 est,
670 842 740 916 quin
763 849 865 899 auctor
888 841 938 916 qui
961 843 1070 899 donum
1094 842 1225 916 nuptiale
1248 851 1363 916 pararet

240 955 335 1013 amico
358 956 511 1012 transitum
534 955 571 1012 ad
592 945 766 1027 γενεθλιαιιὸν
787 944 868 1025 λόγον
889 971 942 1026 per
956 952 1030 1008 illud
1054 944 1177 1021 ἐχόμενος
1197 948 1227 1006 δι’
1240 970 1285 1004 σοι
1298 944 1362 1004 τοὺ-

239 1083 289 1118 roo
314 1066 366 1122 vix
393 1065 524 1123 secturus
548 1064 643 1122 luerit.
686 1063 761 1120 Item
785 1082 845 1119 non
868 1057 965 1120 minus
989 1062 1106 1119 divorso
1130 1070 1261 1136 tempore
1284 1081 1363 1118 com·

239 1175 336 1251 posita
359 1184 388 1234 et
409 1176 499 1233 misse
520 1183 589 1232 sunt
611 1173 707 1249 capita
728 1173 846 1230 tertium
874 1181 903 1230 et
930 1180 1077 1246 quartum,
1109 1172 1187 1245 quod
1214 1171 1362 1246 probarim

241 1305 279 1344 ex
300 1285 386 1344 initio
409 1285 512 1361 capitis
533 1284 585 1344 IV.
630 1281 742 1342 Omnes
769 1283 860 1359 igitur
886 1292 945 1340 tres
972 1283 1039 1340 illae
1063 1281 1203 1357 epistolae
1226 1282 1363 1352 secunda,

240 1396 339 1468 tortia,
363 1404 477 1471 quarta,
500 1394 531 1452 id
554 1395 633 1469 quod
653 1394 815 1451 tenendum
835 1402 879 1450 est
894 1403 997 1450 contra
1011 1391 1197 1450 Weismanni
1214 1399 1242 1448 et
1257 1390 1365 1450 Blessii

240 1505 414 1578 sententias,
445 1525 499 1564 suo
528 1505 684 1580 separatim
714 1513 845 1578 tempore
876 1504 1000 1579 scriptae
1031 1509 1111 1573 sunt,
1143 1520 1214 1576 quas
1242 1502 1279 1559 ob
1302 1501 1364 1558 edi·

239 1615 351 1674 tionem
381 1619 435 1676 sub
467 1615 553 1673 initio
589 1615 707 1688 paulum
735 1613 918 1672 circumcidit
948 1615 1126 1671 Echecrates
1157 1612 1206 1669 hic
1234 1612 1294 1698 illio
1324 1613 1363 1670 ad

239 1727 392 1783 transitum
409 1727 555 1801 quendam
571 1726 733 1800 parandum
749 1725 877 1808 addens:
896 1716 1020 1795 ἐχόμενος
1033 1719 1061 1776 δὲ
1075 1715 1174 1776 τούτου
1189 1724 1235 1780 vel
1252 1713 1364 1775 ἀκόλου-

240 1837 296 1895 θος
321 1832 349 1890 δὲ
371 1829 475 1889 τούτου.
513 1836 595 1910 Quot
617 1835 676 1893 fere
698 1835 788 1892 totius
811 1834 898 1909 hujus
921 1831 981 1906 περὶ
996 1827 1169 1887 ἐπιδεικτικῶν
1182 1833 1250 1890 libri
1265 1842 1365 1908 partes

240 1947 288 2004 vel
310 1947 450 2021 epistolae
472 1946 656 2005 intercidisse
680 1945 891 2003 existimandae
914 1945 973 2001 sint
993 1944 1204 2019 intelligemus,
1227 1943 1278 2000 ubi
1294 1963 1367 2002 con·

239 2056 392 2114 tulerimus
419 2057 579 2115 Menandri
607 2057 712 2114 librum
741 2052 802 2128 περὶ
824 2050 996 2107 ἐπιδεικτικῶν
1019 2084 1058 2091 -
1082 2051 1211 2129 Spengel
1233 2054 1289 2111 Rh.
1311 2053 1368 2112 Gr.

239 2166 297 2224 111.
320 2185 347 2241 p.
371 2163 432 2226 368
456 2195 496 2206 -
519 2167 549 2224 id
572 2169 651 2242 quod
674 2175 752 2224 recte
776 2165 943 2225 observavit
964 2164 1096 2224 Blassius
1118 2184 1145 2239 p.
1169 2162 1218 2221 25.

324 2277 392 2337 dam
416 2286 590 2351 sequuntur,
618 2285 650 2334 ut
677 2277 846 2334 omittamus
873 2283 1003 2350 repetere
1027 2293 1101 2348 quae
1124 2275 1261 2348 pleraque
1283 2283 1368 2334 recte

241 2387 277 2446 de
306 2387 596 2464 pseudodionysiana
630 2388 746 2445 illorum
781 2396 891 2461 septem
919 2385 1045 2460 capitum
1076 2383 1220 2455 (I—VII)
1248 2385 1369 2460 origine

240 2498 277 2556 ab
299 2497 416 2556 Blassio
439 2498 588 2573 disputata
609 2506 689 2569 sunt,
718 2498 753 2555 de
769 2495 910 2572 ,figuratis
938 2495 1103 2553 actionibus
1126 2504 1264 2554 tractatus
1289 2496 1369 2554 duo:

240 2607 337 2682 capita
359 2616 494 2666 octavum
518 2617 548 2666 et
569 2628 680 2666 nonum
704 2609 740 2664 de
762 2626 886 2680 quorum
909 2614 1028 2662 auctore
1055 2605 1111 2662 viri
1139 2606 1217 2662 docti
1239 2607 1368 2663 multum

241 2718 460 2776 dubitaverunt.
517 2716 667 2776 Schottius
701 2718 828 2793 priorem
862 2725 1016 2773 tractatum
1047 2716 1200 2792 Dionysio¹
1223 2715 1370 2790 vindicat,

240 2829 361 2886 alterum
393 2829 430 2886 ab
462 2848 497 2887 eo
529 2829 638 2904 rejicit,
674 2829 883 2886 Weismannus
915 2834 944 2883 et
974 2825 1106 2883 Blassius
1137 2835 1293 2900 utrumque
1328 2829 1369 2884 ab

240 2939 495 2996 Halicarnassensi
519 2939 726 3014 abjudicarunt
749 2938 955 3013 petieruntque
983 2937 1146 2994 sententiae
1168 2955 1238 2993 suae
1261 2955 1369 2994 causas

240 3068 378 3107 maxume
395 3068 432 3105 ex
446 3058 633 3124 argumento,
656 3049 734 3123 quod
751 3048 865 3104 illarum
885 3047 1162 3104 commentationum
1185 3055 1236 3104 est.
1272 3047 1368 3123 Figu-

239 3167 366 3216 ratarum
398 3158 546 3216 actionum
579 3159 738 3216 doctrinam
772 3177 846 3232 quae
876 3158 936 3214 illic
969 3166 1133 3232 exponatur
1170 3158 1270 3214 dicunt
1300 3177 1368 3232 per·

239 3268 434 3326 versissimam
459 3287 522 3325 esse
546 3281 575 3326 et
590 3269 738 3346 Dionysio
760 3287 879 3342 prorsus
901 3268 1062 3342 indignam.
1098 3269 1163 3326 Nos
1186 3268 1216 3325 in
1240 3269 1370 3326 eandem

240 3379 416 3438 sententiam
440 3399 501 3437 non
530 3380 649 3436 adducti
676 3399 784 3436 sumus.
837 3379 907 3436 Non
936 3379 1134 3452 quaerendum
1163 3378 1240 3434 enim
1269 3379 1373 3453 primo

239 3491 305 3548 loco
329 3498 385 3562 est,
415 3489 486 3564 quid
508 3489 710 3564 unusquisque
732 3508 900 3564 perversum
929 3487 998 3563 quid
1026 3487 1180 3564 indignum
1205 3488 1268 3545 viro
1292 3507 1378 3562 quo-

240 3600 305 3657 dam
329 3618 393 3657 esse
416 3608 545 3672 censeat,
577 3599 666 3656 immo
694 3608 811 3674 praeter
837 3607 934 3657 cetera
961 3600 1034 3656 haec
1056 3599 1188 3672 quaestio
1212 3601 1383 3660 tractanda

241 3718 297 3782 est,
326 3730 396 3768 num
424 3718 484 3766 turn
507 3709 647 3784 temporis
675 3729 732 3783 quo
759 3709 836 3767 vixit
862 3709 1025 3785 Dionysius
1054 3708 1199 3783 ejusmodi
1230 3709 1388 3771 doctrina

240 3819 333 3894 qualis
354 3819 529 3895 proponitur
551 3838 611 3895 cap.
634 3819 717 3877 VlH.
740 3819 825 3876 initio
848 3819 974 3894 proponi
997 3819 1119 3876 omnino
1146 3820 1284 3894 potuerit.
1323 3821 1393 3883 At

240 3929 342 4006 negari
373 3949 433 3988 non
460 3939 557 4004 potest
583 3930 721 3988 facillime
748 3930 877 4004 potuisse
904 3930 966 3987 fieri
998 3939 1031 3986 ιιι
1062 3950 1096 3987 ca
1128 3930 1263 3987 doctrina
1291 3950 1395 4005 quae

240 4040 437 4116 Hermogenis
468 4049 565 4098 aetate
593 4041 654 4115 jam
692 4041 857 4097 invaluerat
892 4039 1031 4116 Dionysii
1068 4049 1199 4115 tempore
1237 4040 1398 4114 primum

241 4161 415 4208 nasceretur.
454 4152 659 4228 Hermogenes
682 4154 768 4210 rhett.
792 4171 833 4226 gr.
856 4151 932 4208 edid.
957 4149 1086 4225 Spengel
1110 4152 1166 4208 vol.
1189 4150 1229 4206 II.
1252 4170 1279 4224 p.
1302 4148 1404 4218 258
