3042 4790
624 593 720 683 Περὶ
746 585 942 686 μιμήσεως.

308 779 355 836 Da
378 777 543 836 imitatione
565 778 671 836 librum
695 797 758 836 sese
782 779 981 852 composuisse
997 777 1160 854 Dionysius
1175 779 1238 854 ipse
1256 790 1340 839 testa-

222 897 270 946 tur
295 887 326 944 in
354 887 437 963 epist.
463 889 501 946 ad
522 889 627 963 Pomp.
655 907 682 963 p.
706 887 781 961 766,
810 889 862 946 ubi
884 889 953 946 item
978 890 1013 946 de
1037 899 1211 964 argumento
1235 899 1265 948 et
1287 891 1341 947 dis·

222 997 371 1072 positione
394 997 483 1055 totius
507 997 602 1072 operis
625 999 695 1056 satis
719 999 883 1058 edocemur.
920 997 995 1056 Sunt
1017 999 1121 1074 capitis
1145 1000 1222 1057 tertii
1244 1019 1342 1058 secun·

224 1109 291 1164 dum
315 1107 429 1166 Reiskii
452 1107 611 1166 editionem
636 1112 726 1168 verba
753 1111 842 1167 haec:
873 1106 942 1181 Περὶ
964 1106 991 1162 δὲ
1015 1101 1166 1182 Ἡροδότου
1191 1106 1235 1162 καὶ
1263 1109 1341 1166 Ξενο-

223 1211 328 1286 φῶντος
354 1209 503 1287 ἐβουλήθης
527 1219 629 1289 μαθεῖν
655 1217 713 1272 τίνα
739 1216 799 1290 περὶ
827 1209 913 1272 αὐτῶν
938 1211 1072 1291 ὑπόληψιν
1099 1217 1148 1287 ilfi)
1174 1215 1220 1271 καὶ
1240 1211 1343 1292 γράψαι

223 1345 255 1398 pa
276 1324 337 1400 aspi
359 1318 445 1380 αὐτῶν
467 1321 621 1398 ἐβουλήθης.
658 1328 790 1398 panciano
816 1325 861 1380 uui
890 1324 970 1382 τοῦτο
998 1325 1033 1388 εἷς
1055 1321 1205 1402 Δημήτριον
1225 1321 1343 1400 ὑπομνη-

223 1431 356 1508 ματιομὸν
384 1434 445 1509 περὶ
472 1431 610 1509 μιμήσεως.
647 1432 748 1492 τούτων
775 1431 789 1492 ὁ
816 1438 864 1510 μὲν
889 1434 995 1510 πρῶτος
1021 1431 1102 1506 αὐτὴν
1127 1439 1273 1511 περιείληφε
1300 1433 1344 1505 τὴν

224 1544 285 1618 περὶ
305 1543 350 1614 τῆς
370 1540 502 1619 μιμήσεως
523 1541 637 1616 ζήτησιν,
665 1541 680 1602 d
705 1547 733 1603 de*
755 1542 875 1621 δεύτερος
895 1547 955 1621 περὶ
977 1545 1026 1603 τοῦ
1048 1549 1119 1608 τίνος
1142 1541 1239 1621 ἄνδρας
1260 1551 1343 1620 μιμεῖ-

225 1660 296 1710 σθαι
318 1655 358 1710 tet
376 1651 488 1726 ποιητάς
509 1677 537 1711 rs
558 1655 602 1710 aui
628 1651 794 1728 φιλοσὸηους
820 1652 1045 1731 ἱστοριογράφους
1067 1655 1161 1712 ra'uol
1181 1651 1307 1733 ῥήτορας,
1330 1650 1345 1712 ὃ

224 1764 252 1821 δὲ
274 1767 361 1840 τρίτος
382 1765 443 1840 περὶ
463 1762 512 1822 rod
534 1764 590 1825 πῶς
611 1765 651 1821 dai
662 1771 804 1840 μιμεῖσθαι
819 1766 879 1840 περὶ
893 1762 990 1822 τούτου
1005 1759 1030 1819 δ’
1049 1760 1145 1835 ἀτελής.
1189 1771 1243 1827 Est
1264 1771 1346 1826 locus

225 1878 402 1954 conjecturis
425 1879 494 1936 satis
518 1888 653 1950 vexatus
683 1880 749 1936 vide
771 1879 865 1936 Blass
888 1899 914 1954 p.
941 1877 993 1950 19;
1020 1877 1096 1934 inter
1124 1898 1226 1936 omncs
1250 1898 1348 1936 emen-

226 1988 360 2046 dationes
382 2008 470 2046 unam
495 1989 629 2064 equidem
647 1989 824 2064 praeferam,
847 1991 917 2064 quia
937 1990 1053 2046 videtur
1075 1989 1239 2046 sententiae
1261 1989 1350 2063 aptis·

226 2099 299 2156 sima
321 2117 397 2170 esse,
420 2101 511 2156 hanc:
530 2101 561 2152 ’ἐν
582 2095 618 2170 τῷ
641 2096 750 2171 δευτέρην
772 2093 824 2152 τῶν
845 2091 914 2172 πρὸς
934 2090 1350 2170 Δημήτριονιῦπομνηματισμῶν

225 2205 285 2279 περὶ
298 2200 436 2279 μιμήσεως.
460 2207 521 2268 Sub
537 2212 623 2267 finem
640 2230 700 2267 non
717 2210 800 2284 sequi
816 2230 874 2267 non
895 2202 1050 2284 possumus
1067 2207 1256 2284 Sylburgium
1278 2209 1349 2266 scri·

226 2319 362 2376 bentemt
386 2305 464 2380 οὗτος
486 2310 511 2372 d'
530 2311 626 2386 ἀτελής.
658 2318 717 2378 Sed
739 2325 806 2378 utut
829 2322 900 2376 haec
924 2321 1107 2376 emendanda
1129 2329 1210 2391 sunt,
1234 2327 1349 2377 constat

226 2431 317 2486 verba
338 2429 478 2505 Dionysii
500 2429 643 2502 indicare,
667 2430 782 2488 tertiam
806 2439 917 2504 partem
941 2430 1009 2486 libri
1031 2437 1092 2486 tum
1120 2430 1261 2503 temporis
1288 2447 1350 2485 non

226 2557 288 2596 esse
304 2525 478 2598 absolutam.
508 2540 641 2598 Alteram
658 2541 745 2616 hujus
762 2539 1019 2597 commentationis
1038 2549 1149 2614 partem
1169 2539 1350 2596 continuisse

227 2649 344 2706 brevem
372 2657 486 2707 tanturn
517 2651 769 2708 adumbrationem
800 2650 942 2706 virtutum
966 2649 1145 2724 singularum
1169 2649 1200 2704 in
1220 2647 1351 2721 antiquis

228 2759 420 2833 scriptoribus
443 2761 670 2835 sequendarum,
692 2769 815 2837 apparet
837 2780 874 2817 ex
890 2759 981 2834 ipsius
997 2759 1139 2836 Dionysii
1154 2759 1251 2816 verbis
1266 2767 1351 2815 tract.

229 2869 264 2926 de
280 2869 375 2927 Thoe.
398 2891 425 2946 p.
442 2869 503 2930 810
520 2880 549 2929 et
569 2890 667 2946 sequ:
694 2868 739 2923 aui
760 2863 906 2938 δεδηλωκὼς
928 2871 954 2922 ἐν
978 2861 1074 2942 ὀλίγοις
1095 2861 1166 2927 τινὰς
1188 2859 1219 2927 ib
1241 2864 1352 2938 ἕκοςστος

230 2970 316 3033 αιἰτῶν
342 2979 484 3052 οὶςφέρττοιι
511 2974 695 3055 πραγματικάς
721 2999 749 3034 το
770 2978 814 3032 καὶ
836 2973 950 3038 λεκτικὰς
973 2970 1067 3050 ἀρετάς
1083 3019 1088 3031 .
1105 3019 1111 3030 .
1128 3018 1157 3030 ..
1180 2970 1300 3049 συντόμῳ
1323 2996 1352 3030 ra

227 3087 271 3142 καὶ
293 3083 466 3159 κεφαλαιώδει
487 3088 579 3164 γραφῇ
602 3083 772 3170 περιλαβών.1
800 3092 903 3166 Itaque
926 3109 1000 3165 quae
1027 3091 1058 3146 in
1086 3089 1169 3164 epist.
1196 3089 1233 3145 ad
1260 3089 1352 3146 Pom-

228 3201 327 3276 psjum
352 3203 387 3259 de
410 3201 574 3278 praecipuis
590 3202 736 3260 historicis
759 3203 897 3278 leguntur
913 3201 1013 3258 eadem
1031 3199 1210 3256 continuisse
1227 3199 1351 3256 alterum

228 3309 288 3383 περὶ
309 3305 440 3383 μιμήσεως
460 3312 527 3368 libri
554 3321 640 3387 caput
665 3321 743 3370 recte
772 3313 909 3369 observat
930 3309 1061 3368 Blassius
1090 3310 1126 3366 do
1153 3309 1249 3384 script.
1276 3310 1353 3364 rhet.

229 3443 257 3498 p.
282 3421 329 3480 19.
372 3423 533 3497 Epitomen
557 3423 647 3480 totius
671 3423 750 3498 quod
777 3422 921 3479 tractabat
947 3419 1110 3494 Dionysius
1137 3419 1228 3476 altero
1256 3417 1355 3492 capite

230 3533 395 3608 argumenti
410 3533 440 3590 in
458 3533 705 3591 commentatione
726 3532 772 3590 cui
788 3530 963 3607 Sylbnrgius
988 3530 1083 3587 editor
1099 3549 1206 3586 nomen
1227 3527 1355 3586 indidit:

229 3635 366 3718 „dpyulov
387 3642 489 3717 splot&
520 3645 606 3702 nobis
638 3653 781 3702 servatam
813 3660 907 3716 neque
938 3649 1037 3698 tamen
1067 3659 1129 3696 earn
1160 3658 1177 3694 a
1203 3637 1357 3713 Dionysio

230 3753 394 3812 confectam
421 3774 485 3812 esse
511 3755 623 3829 primus
649 3755 724 3812 vidit
751 3752 788 3812 G.
811 3751 958 3810 Beckorus
980 3753 1000 3810 1.
1021 3752 1040 3807 l.
1062 3771 1089 3824 p.
1112 3749 1210 3807 XVII.
1238 3756 1300 3806 not.
1315 3747 1358 3806 ’9.

230 3863 430 3937 Quintilianus
457 3865 488 3921 in
515 3865 728 3924 conscribendo
760 3864 851 3921 instit.
881 3871 951 3920 orat.
979 3862 1054 3918 libro
1085 3859 1199 3916 decimo
1227 3878 1289 3916 non
1318 3877 1360 3915 ea

231 3975 358 4050 epitome
388 3994 473 4049 quarn
507 3993 560 4034 nos
588 3977 729 4035 habemus
757 3975 809 4032 sed
835 3974 927 4049 ipsius
958 3971 1097 4047 Dionysii
1126 3970 1242 4046 integro
1273 3968 1359 4026 libro

231 4104 300 4142 usus
323 4085 439 4143 videtur
462 4104 533 4143 esse.
