3042 4790
697 329 907 388 ...22-

657 610 755 703 Περλ
786 609 941 680 Λυσίου.

327 798 409 872 Quae
432 796 462 852 in
482 796 546 872 jud.
570 797 606 853 de
627 796 697 874 Lyn
719 817 743 856 ο.
770 797 807 856 14
830 818 857 873 p.
878 795 938 856 485
963 797 1124 873 Dionysius
1147 799 1236 855 habet
1258 801 1344 857 verba:

243 905 313 962 ἰδίαν
334 905 395 978 περὶ
415 901 464 960 τοῦ
486 900 597 981 ῥήτορος
612 900 819 978 συνταττόμενος
839 905 1023 980 πραγματείαν
1045 909 1072 960 ἐν
1092 891 1111 978 ᾗ
1132 899 1166 960 τό
1180 899 1201 960 τ’
1227 901 1289 960 ίίλλα
1308 906 1344 976 δη-

239 1011 394 1086 λωθήσεταί
420 1037 466 1089 μοι
493 1013 538 1069 καί
563 1016 628 1075 τίνες
654 1013 719 1070 εἰσίν
750 1008 833 1070 αίιτοῦ
860 1009 935 1090 λόγοι
965 1009 1069 1089 γνήσιοι
1099 1011 1145 1084 τὴν
1178 1009 1304 1090 ἀκρίβειαν
1325 1021 1347 1072 ἕν

240 1128 344 1188 ἐκείνοις
369 1124 413 1180 καὶ
444 1123 504 1196 περὶ
534 1117 609 1178 τοῖνδ’
636 1117 792 1180 ’ἀποδοῦναι
823 1120 985 1198 πειράσομαι
1016 1121 1064 1180 τοῦ
1095 1120 1177 1200 λόγου
1207 1137 1236 1186 et
1264 1148 1287 1186 c.
1315 1127 1346 1187 12

242 1260 270 1315 p,
286 1237 343 1297 481
357 1229 444 1296 ;·ίλλ’
461 1235 528 1308 ὑπὲρ
543 1236 589 1308 μὲν
612 1229 712 1290 τοότων
734 1236 844 1310 ἑτέρωθι
868 1229 1052 1304 δηλωθήσεται
1075 1230 1117 1288 διόι
1133 1231 1264 1300 πλειόνων,
1287 1240 1349 1296 haee

239 1350 310 1406 satis
327 1350 466 1424 probant,
490 1347 518 1403 id
537 1348 616 1420 qood
632 1359 709 1404 reete
726 1347 799 1404 vidit
816 1347 947 1405 Blassius
964 1348 1000 1404 de
1016 1347 1112 1422 script.
1127 1367 1154 1421 p.
1173 1347 1224 1419 15,
1245 1348 1349 1426 Diony-

240 1460 315 1517 sium
332 1467 393 1516 tum
405 1457 545 1531 temporis
561 1457 692 1514 libellum
710 1457 883 1532 scripturum
898 1457 989 1514 fuisse
1004 1457 1039 1514 de
1053 1457 1161 1533 Lysiae
1177 1457 1351 1516 orationibus

239 1569 377 1645 genuinis
401 1567 519 1643 spuriis,
543 1569 657 1642 qualem
682 1568 718 1624 de
733 1568 934 1624 Demosthene
958 1576 987 1624 et
1010 1568 1045 1624 de
1062 1567 1212 1624 Dinaroho
1235 1568 1352 1643 scripsit.

239 1679 442 1754 Compositum
472 1697 541 1736 vere
569 1697 632 1735 esse
661 1677 766 1734 librum
798 1677 883 1734 docet
909 1677 1207 1752 Pseudoplutarehus

323 1790 441 1864 Fragm.
465 1787 549 1846 XIII.
572 1788 623 1846 vit.
645 1788 681 1846 X.
705 1807 759 1844 orr.
782 1806 809 1861 p.
834 1784 895 1846 836
917 1788 955 1844 Α.

323 1899 447 1970 φέρονται
470 1890 496 1949 δ’
521 1890 604 1952 αὐτοῦ
625 1891 701 1970 λόγοι
722 1889 888 1968 τετρακόσιοι
914 1892 1085 1960 εἰκοσιπέντε,
1112 1887 1212 1950 τούτων
1238 1899 1357 1971 γνησίους

238 2007 322 2080 φασὶν
349 2007 375 2064 οἱ
401 2005 460 2081 περὶ
487 2001 629 2062 Διονόσιον
655 2005 700 2059 καί
721 2005 857 2061 Καικίλιον
883 1997 948 2060 είναι
975 2003 1125 2066 διακοσίους
1149 2000 1304 2078 τριάκοντα,
1333 2012 1359 2062 ἐν

240 2111 279 2180 οἷς
306 2113 353 2179 δίς
369 2112 452 2190 μόνον
478 2111 615 2186 ἡττῆσθαι
642 2117 750 2190 λέγεται.
774 2113 830 2170 ἐστὶ
851 2108 877 2168 δ’
908 2107 991 2170 αότοῦ
1013 2113 1058 2169 καὶ
1081 2108 1095 2169 ό
1117 2107 1183 2189 όπὲρ
1205 2113 1254 2170 τοῦ
1276 2119 1358 2188 ψηφί-

239 2249 341 2302 σματος
372 2222 387 2283 ό
418 2222 558 2303 ἐγράψατο
580 2229 696 2300 Ἀρχῖνος
722 2221 768 2295 τὴν
791 2227 925 2280 πολιτείαν
956 2219 1038 2279 ositos}
1068 2219 1192 2299 περιελών
1222 2225 1266 2280 καὶ
1292 2223 1360 2282 κατὰ

237 2337 289 2393 τών
319 2332 460 2412 τριάκοντα
492 2335 584 2408 ἕτερος.
622 2338 722 2411 ἐγένετο
754 2335 781 2390 δὲ
811 2329 1002 2396 πιθανώτατος
1032 2333 1076 2388 καὶ
1112 2330 1277 2408 βραχύτατος
1306 2341 1362 2399 τοῖς

238 2425 352 2510 ἰδιώταις
373 2442 436 2508 τοὺς
456 2442 571 2508 πολλοὺς
592 2441 687 2521 λόγους
709 2441 805 2507 ἐκδούς.
833 2443 884 2502 εἶσί
905 2439 930 2498 δ’
956 2439 1026 2518 αὐτῷ
1047 2445 1091 2500 καῖ
1113 2447 1201 2514 τέχναι
1223 2447 1363 2522 ῥητορικαὶ

237 2556 469 2631 πεποιημέναικαλ
490 2556 646 2632 δημηγορίαι
668 2557 806 2612 ἐπιστολαί
825 2577 852 2611 τε
873 2555 918 2610 καὶ
945 2550 1058 2631 ἐγκώμια
1084 2554 1129 2610 καί
1156 2551 1290 2628 ἐπιτάφιοι
1318 2557 1365 2612 καὶ

238 2667 356 2744 ἐρωτικοί
378 2667 422 2722 καί
442 2662 602 2741 Σωκράτους
625 2661 757 2742 ἀπολογία
781 2668 958 2738 ἐστοχασμένη
981 2663 1033 2720 τῶν
1058 2663 1196 2727 δικαστῶν.
1234 2667 1306 2722 δοκεῖ
1335 2667 1366 2722 δὲ

238 2775 306 2834 κατὰ
327 2774 373 2848 τὴν
387 2779 454 2840 λέξιν
476 2771 582 2838 εόκολος
604 2772 668 2832 εἶναι
692 2775 851 2850 δυσμίμητος
873 2771 915 2830 oin
927 2774 950 2850 1)

324 2890 459 2951 Ceterum
487 2909 539 2964 pro
566 2890 704 2966 genuinis
730 2889 836 2966 Lysiae
865 2888 1047 2946 orationibus
1070 2889 1233 2964 Dionysius
1260 2890 1370 2948 habuit

235 3000 442 3076 judicavitque
465 3002 533 3057 has:

322 3103 497 3182 Ὀλυμπιακόν
516 3119 585 3168 orat.
599 3111 752 3182 XXXIII,
773 3109 875 3186 fragm.
890 3109 998 3186 legitur
1013 3111 1049 3166 de
1063 3111 1132 3186 Lys
1148 3129 1172 3168 e.
1187 3107 1228 3168 29
1252 3131 1279 3185 p.
1290 3109 1370 3170 519.

322 3219 391 3292 Περὶ
421 3218 469 3274 τοὺ
499 3215 534 3292 μὴ
564 3215 711 3273 καταλῦσαι
740 3214 786 3287 τὴν
817 3213 929 3291 πάτριον
959 3219 1092 3272 πολιτείαν
1126 3213 1255 3288 Ἀθήνησι
1288 3231 1371 3278 orat.

241 3332 378 3390 XXXIV.
401 3333 520 3406 fragm:
544 3332 579 3390 de
601 3333 670 3406 Lys.
693 3349 716 3388 ο.
741 3327 780 3388 32
804 3351 830 3406 p.
854 3327 924 3388 526.

325 3435 403 3494 Κατὰ
429 3438 533 3500 Tanites
555 3450 625 3500 orat.
648 3442 769 3515 fragm:
793 3441 829 3498 de
852 3442 938 3498 Dem.
962 3460 985 3498 c.
1013 3440 1046 3498 11
1073 3461 1099 3516 p.
1122 3439 1193 3500 983.

319 3544 409 3624 ςΥπὲρ
428 3551 566 3624 Φερενίκου
581 3547 641 3623 περὶ
663 3545 711 3603 τοῦ
730 3546 922 3622 Ἀνδροκλείδου
942 3543 1037 3622 κλήρου
1052 3571 1198 3626 prooem:
1222 3553 1256 3609 de
1272 3551 1378 3609 Isaeo

239 3683 262 3720 e.
286 3662 304 3720 o
327 3683 354 3737 p.
378 3641 449 3720 om.

309 3893 328 3956 ¹)
348 3895 468 3945 Continet
484 3896 534 3943 hoe
552 3895 724 3958 fragmentum
742 3896 888 3945 Caeciliana
912 3898 993 3946 mixta
1015 3913 1072 3947 cum
1091 3898 1267 3962 Dionysianis,
1296 3912 1385 3959 quae

239 3983 326 4044 utique
344 3982 479 4043 diligenter
498 3995 566 4028 nune
583 3996 636 4028 non
655 3996 789 4043 possumus
807 3983 958 4031 dIseemere.
999 3983 1113 4032 Maxime
1130 3983 1248 4047 Dionysii
1268 3983 1391 4031 viden-

238 4076 278 4114 tm·
296 4081 349 4116 esse
368 4081 433 4128 quae
445 4065 696 4128 l’seudoplutarehus
714 4066 775 4114 dicit
794 4067 824 4115 de
843 4081 935 4128 genere
954 4068 1068 4130 dicendi,
1087 4069 1117 4118 de
1135 4069 1226 4118 virtute
1243 4069 1393 4116 oratoria

239 4151 339 4211 Lysiae.
376 4151 420 4198 cfr.
440 4150 611 4198 Burekhardt.
631 4149 724 4198 Caecil.
743 4152 834 4214 smgm.
853 4169 879 4215 p.
899 4151 929 4202 29
950 4159 1042 4214 etseq.
