<?xml version="1.0" encoding="UTF-8"?>
<!DOCTYPE html PUBLIC "-//W3C//DTD XHTML 1.0 Transitional//EN"
    "http://www.w3.org/TR/xhtml1/DTD/xhtml1-transitional.dtd">
<html xmlns="http://www.w3.org/1999/xhtml" xml:lang="en" lang="en">
 <head>
  <title>
</title>
<meta http-equiv="Content-Type" content="text/html;charset=utf-8" />
  <meta name='ocr-system' content='tesseract 3.04.00' />
  <meta name='ocr-capabilities' content='ocr_page ocr_carea ocr_par ocr_line ocrx_word'/>
</head>
<body>
  <div class='ocr_page' id='page_1' title='image "./scriptorumrheto00diongoog_0018.png"; bbox 0 0 3042 4790; ppageno 0'>
   <div class='ocr_carea' id='block_1_1' title="bbox 611 352 802 412">
    <p class='ocr_par' dir='ltr' id='par_1_1' title="bbox 611 352 802 412">
     <span class='ocr_line' id='line_1_1' title="bbox 611 352 802 412; baseline 0 -18"><span class='ocrx_word' id='word_1_1' title='bbox 611 352 802 412; x_wconf 73' lang='lat'>..9-</span> 
     </span>
    </p>
   </div>
   <div class='ocr_carea' id='block_1_2' title="bbox 161 522 1265 1258">
    <p class='ocr_par' dir='ltr' id='par_1_2' title="bbox 161 522 1265 1258">
     <span class='ocr_line' id='line_1_2' title="bbox 167 522 1264 604; baseline 0.005 -24"><span class='ocrx_word' id='word_1_2' title='bbox 167 522 295 580; x_wconf 83' lang='lat' dir='ltr'>nominata</span> <span class='ocrx_word' id='word_1_3' title='bbox 318 529 432 592; x_wconf 84' lang='lat' dir='ltr'>extare,</span> <span class='ocrx_word' id='word_1_4' title='bbox 463 523 516 580; x_wconf 90' lang='lat' dir='ltr'>sed</span> <span class='ocrx_word' id='word_1_5' title='bbox 543 532 683 597; x_wconf 86' lang='lat' dir='ltr'>quattuor</span> <span class='ocrx_word' id='word_1_6' title='bbox 705 541 768 582; x_wconf 88' lang='lat' dir='ltr'>esse</span> <span class='ocrx_word' id='word_1_7' title='bbox 790 533 887 600; x_wconf 82' lang='lat' dir='ltr'>partes</span> <span class='ocrx_word' id='word_1_8' title='bbox 909 523 1065 599; x_wconf 81' lang='lat' dir='ltr'>primarias</span> <span class='ocrx_word' id='word_1_9' title='bbox 1088 527 1152 584; x_wconf 89' lang='lat' dir='ltr'>cum</span> <span class='ocrx_word' id='word_1_10' title='bbox 1176 527 1264 604; x_wconf 82' lang='lat' dir='ltr'>argn-</span> 
     </span>
     <span class='ocr_line' id='line_1_3' title="bbox 166 632 1265 712; baseline 0.005 -22"><span class='ocrx_word' id='word_1_11' title='bbox 166 641 245 690; x_wconf 87' lang='lat' dir='ltr'>nento</span> <span class='ocrx_word' id='word_1_12' title='bbox 259 641 320 690; x_wconf 88' lang='lat' dir='ltr'>tum</span> <span class='ocrx_word' id='word_1_13' title='bbox 336 632 434 690; x_wconf 91' lang='lat' dir='ltr'>indole</span> <span class='ocrx_word' id='word_1_14' title='bbox 457 651 575 707; x_wconf 92' lang='lat' dir='ltr'>prorsus</span> <span class='ocrx_word' id='word_1_15' title='bbox 597 633 674 692; x_wconf 88' lang='lat' dir='ltr'>inter</span> <span class='ocrx_word' id='word_1_16' title='bbox 698 653 729 692; x_wconf 89' lang='lat' dir='ltr'>se</span> <span class='ocrx_word' id='word_1_17' title='bbox 753 634 896 709; x_wconf 79' lang='lat' dir='ltr'>diversas,</span> <span class='ocrx_word' id='word_1_18' title='bbox 919 635 961 693; x_wconf 88' lang='lat' dir='ltr'>ita</span> <span class='ocrx_word' id='word_1_19' title='bbox 983 636 1100 710; x_wconf 92' lang='lat' dir='ltr'>quidem</span> <span class='ocrx_word' id='word_1_20' title='bbox 1123 645 1156 694; x_wconf 92' lang='lat' dir='ltr'>ut</span> <span class='ocrx_word' id='word_1_21' title='bbox 1171 637 1265 712; x_wconf 89' lang='lat' dir='ltr'>prima</span> 
     </span>
     <span class='ocr_line' id='line_1_4' title="bbox 165 740 1264 823; baseline 0.004 -23"><span class='ocrx_word' id='word_1_22' title='bbox 165 743 351 801; x_wconf 85' lang='lat' dir='ltr'>commentatio</span> <span class='ocrx_word' id='word_1_23' title='bbox 375 743 525 801; x_wconf 88' lang='lat' dir='ltr'>contineat</span> <span class='ocrx_word' id='word_1_24' title='bbox 547 745 650 802; x_wconf 86' lang='lat' dir='ltr'>breves</span> <span class='ocrx_word' id='word_1_25' title='bbox 677 741 738 817; x_wconf 74' lang='lat' dir='ltr'>napi</span> <span class='ocrx_word' id='word_1_26' title='bbox 759 740 931 800; x_wconf 72' lang='grc' dir='ltr'>ἐπιδεικτικῶν</span> <span class='ocrx_word' id='word_1_27' title='bbox 956 754 1095 804; x_wconf 86' lang='lat' dir='ltr'>tractatus</span> <span class='ocrx_word' id='word_1_28' title='bbox 1118 778 1159 786; x_wconf 97' lang='lat'><em>-</em></span> <span class='ocrx_word' id='word_1_29' title='bbox 1182 767 1264 823; x_wconf 83' lang='lat' dir='ltr'>capp.</span> 
     </span>
     <span class='ocr_line' id='line_1_5' title="bbox 163 853 1265 933; baseline 0.003 -22"><span class='ocrx_word' id='word_1_30' title='bbox 163 853 324 926; x_wconf 84' lang='lat'>1,11‚111,</span> <span class='ocrx_word' id='word_1_31' title='bbox 346 853 401 926; x_wconf 85' lang='lat' dir='ltr'>IV,</span> <span class='ocrx_word' id='word_1_32' title='bbox 425 854 466 926; x_wconf 88' lang='lat' dir='ltr'>V,</span> <span class='ocrx_word' id='word_1_33' title='bbox 489 854 543 926; x_wconf 89' lang='lat' dir='ltr'>VI,</span> <span class='ocrx_word' id='word_1_34' title='bbox 566 855 629 913; x_wconf 90' lang='lat' dir='ltr'>VH</span> <span class='ocrx_word' id='word_1_35' title='bbox 650 885 692 894; x_wconf 93' lang='lat'>-</span> <span class='ocrx_word' id='word_1_36' title='bbox 714 858 805 914; x_wconf 88' lang='lat' dir='ltr'>altera</span> <span class='ocrx_word' id='word_1_37' title='bbox 827 857 1091 931; x_wconf 82' lang='lat' dir='ltr'><strong>comprehendatur</strong></span> <span class='ocrx_word' id='word_1_38' title='bbox 1120 857 1265 933; x_wconf 82' lang='lat' dir='ltr'>capitibus</span> 
     </span>
     <span class='ocr_line' id='line_1_6' title="bbox 163 964 1264 1042; baseline 0.005 -22"><span class='ocrx_word' id='word_1_39' title='bbox 163 965 226 1021; x_wconf 88' lang='lat' dir='ltr'>VIII</span> <span class='ocrx_word' id='word_1_40' title='bbox 244 972 271 1021; x_wconf 89' lang='lat' dir='ltr'>et</span> <span class='ocrx_word' id='word_1_41' title='bbox 291 964 346 1036; x_wconf 91' lang='lat' dir='ltr'>IX,</span> <span class='ocrx_word' id='word_1_42' title='bbox 369 983 443 1038; x_wconf 90' lang='lat' dir='ltr'>quae</span> <span class='ocrx_word' id='word_1_43' title='bbox 466 973 559 1040; x_wconf 87' lang='lat' dir='ltr'>agunt</span> <span class='ocrx_word' id='word_1_44' title='bbox 581 966 616 1023; x_wconf 90' lang='lat' dir='ltr'>de</span> <span class='ocrx_word' id='word_1_45' title='bbox 639 967 770 1042; x_wconf 84' lang='lat' dir='ltr'>figuratis</span> <span class='ocrx_word' id='word_1_46' title='bbox 793 967 988 1040; x_wconf 90' lang='lat' dir='ltr'>orationibus,</span> <span class='ocrx_word' id='word_1_47' title='bbox 1010 968 1098 1025; x_wconf 88' lang='lat' dir='ltr'>tertia</span> <span class='ocrx_word' id='word_1_48' title='bbox 1120 967 1214 1042; x_wconf 89' lang='lat' dir='ltr'>capite</span> <span class='ocrx_word' id='word_1_49' title='bbox 1236 967 1264 1026; x_wconf 91' lang='lat' dir='ltr'>X</span> 
     </span>
     <span class='ocr_line' id='line_1_7' title="bbox 161 1075 1265 1152; baseline 0.005 -22"><span class='ocrx_word' id='word_1_50' title='bbox 161 1075 220 1132; x_wconf 85' lang='lat' dir='ltr'>vitia</span> <span class='ocrx_word' id='word_1_51' title='bbox 247 1075 277 1131; x_wconf 95' lang='lat' dir='ltr'>in</span> <span class='ocrx_word' id='word_1_52' title='bbox 310 1075 573 1132; x_wconf 79' lang='lat' dir='ltr'><strong>declamationibus</strong></span> <span class='ocrx_word' id='word_1_53' title='bbox 603 1085 786 1149; x_wconf 74' lang='lat' dir='ltr'>percenseat,</span> <span class='ocrx_word' id='word_1_54' title='bbox 820 1085 922 1150; x_wconf 90' lang='lat' dir='ltr'>quarta</span> <span class='ocrx_word' id='word_1_55' title='bbox 952 1077 1047 1152; x_wconf 87' lang='lat' dir='ltr'>capite</span> <span class='ocrx_word' id='word_1_56' title='bbox 1076 1078 1121 1136; x_wconf 91' lang='lat' dir='ltr'>XI</span> <span class='ocrx_word' id='word_1_57' title='bbox 1151 1079 1265 1151; x_wconf 89' lang='lat' dir='ltr'>doceat,</span> 
     </span>
     <span class='ocr_line' id='line_1_8' title="bbox 161 1185 1263 1258; baseline 0.004 -18"><span class='ocrx_word' id='word_1_58' title='bbox 161 1203 222 1258; x_wconf 90' lang='lat' dir='ltr'>quae</span> <span class='ocrx_word' id='word_1_59' title='bbox 241 1185 425 1258; x_wconf 85' lang='lat' dir='ltr'>potissimum</span> <span class='ocrx_word' id='word_1_60' title='bbox 450 1186 633 1242; x_wconf 83' lang='lat' dir='ltr'>observanda</span> <span class='ocrx_word' id='word_1_61' title='bbox 655 1186 715 1243; x_wconf 88' lang='lat' dir='ltr'>sint</span> <span class='ocrx_word' id='word_1_62' title='bbox 741 1187 772 1243; x_wconf 91' lang='lat' dir='ltr'>in</span> <span class='ocrx_word' id='word_1_63' title='bbox 799 1189 966 1246; x_wconf 89' lang='lat' dir='ltr'>orationum</span> <span class='ocrx_word' id='word_1_64' title='bbox 994 1187 1137 1246; x_wconf 83' lang='lat' dir='ltr'>examine.</span> <span class='ocrx_word' id='word_1_65' title='bbox 1188 1188 1263 1245; x_wconf 83' lang='lat' dir='ltr'>Item</span> 
     </span>
    </p>
   </div>
   <div class='ocr_carea' id='block_1_3' title="bbox 158 1285 1264 1373">
    <p class='ocr_par' dir='ltr' id='par_1_3' title="bbox 158 1285 1264 1373">
     <span class='ocr_line' id='line_1_9' title="bbox 158 1285 1264 1373; baseline 0.005 -23"><span class='ocrx_word' id='word_1_66' title='bbox 158 1295 184 1350; x_wconf 89' lang='lat' dir='ltr'>in</span> <span class='ocrx_word' id='word_1_67' title='bbox 205 1297 352 1370; x_wconf 87' lang='lat' dir='ltr'>propatulo</span> <span class='ocrx_word' id='word_1_68' title='bbox 376 1303 420 1353; x_wconf 87' lang='lat' dir='ltr'>est</span> <span class='ocrx_word' id='word_1_69' title='bbox 442 1285 572 1371; x_wconf 83' lang='lat' dir='ltr'>singulas</span> <span class='ocrx_word' id='word_1_70' title='bbox 594 1296 659 1354; x_wconf 88' lang='lat' dir='ltr'>illas</span> <span class='ocrx_word' id='word_1_71' title='bbox 681 1305 777 1372; x_wconf 89' lang='lat' dir='ltr'>partes</span> <span class='ocrx_word' id='word_1_72' title='bbox 805 1307 943 1372; x_wconf 88' lang='lat' dir='ltr'>quattuor</span> <span class='ocrx_word' id='word_1_73' title='bbox 965 1305 994 1356; x_wconf 91' lang='lat' dir='ltr'>et</span> <span class='ocrx_word' id='word_1_74' title='bbox 1016 1299 1094 1372; x_wconf 91' lang='lat' dir='ltr'>ipsas</span> <span class='ocrx_word' id='word_1_75' title='bbox 1110 1317 1173 1356; x_wconf 89' lang='lat' dir='ltr'>esse</span> <span class='ocrx_word' id='word_1_76' title='bbox 1189 1297 1264 1373; x_wconf 47' lang='lat' dir='ltr'>frag,</span> 
     </span>
    </p>
   </div>
   <div class='ocr_carea' id='block_1_4' title="bbox 106 1407 1266 4134">
    <p class='ocr_par' dir='ltr' id='par_1_4' title="bbox 155 1407 1265 1594">
     <span class='ocr_line' id='line_1_10' title="bbox 157 1407 1265 1484; baseline 0.003 -22"><span class='ocrx_word' id='word_1_77' title='bbox 157 1414 243 1463; x_wconf 88' lang='lat' dir='ltr'>menta</span> <span class='ocrx_word' id='word_1_78' title='bbox 263 1425 359 1480; x_wconf 91' lang='lat' dir='ltr'>neque</span> <span class='ocrx_word' id='word_1_79' title='bbox 382 1407 419 1464; x_wconf 89' lang='lat' dir='ltr'>ad</span> <span class='ocrx_word' id='word_1_80' title='bbox 440 1426 530 1464; x_wconf 92' lang='lat' dir='ltr'>unum</span> <span class='ocrx_word' id='word_1_81' title='bbox 554 1408 720 1464; x_wconf 87' lang='lat' dir='ltr'>absolutum</span> <span class='ocrx_word' id='word_1_82' title='bbox 740 1408 945 1484; x_wconf 84' lang='lat' dir='ltr'>integrumque</span> <span class='ocrx_word' id='word_1_83' title='bbox 960 1408 1091 1467; x_wconf 90' lang='lat' dir='ltr'>libellum</span> <span class='ocrx_word' id='word_1_84' title='bbox 1106 1407 1265 1484; x_wconf 85' lang='lat' dir='ltr'>pertinere,</span> 
     </span>
     <span class='ocr_line' id='line_1_11' title="bbox 155 1514 1128 1594; baseline 0.005 -23"><span class='ocrx_word' id='word_1_85' title='bbox 155 1514 182 1572; x_wconf 91' lang='lat' dir='ltr'>id</span> <span class='ocrx_word' id='word_1_86' title='bbox 203 1517 274 1588; x_wconf 92' lang='lat' dir='ltr'>quod</span> <span class='ocrx_word' id='word_1_87' title='bbox 297 1525 376 1574; x_wconf 90' lang='lat' dir='ltr'>recte</span> <span class='ocrx_word' id='word_1_88' title='bbox 399 1525 502 1576; x_wconf 88' lang='lat' dir='ltr'>contra</span> <span class='ocrx_word' id='word_1_89' title='bbox 523 1517 746 1576; x_wconf 89' lang='lat' dir='ltr'>Weismannum</span> <span class='ocrx_word' id='word_1_90' title='bbox 770 1526 852 1576; x_wconf 88' lang='lat' dir='ltr'>tenet</span> <span class='ocrx_word' id='word_1_91' title='bbox 874 1518 1006 1576; x_wconf 89' lang='lat' dir='ltr'>Blassius</span> <span class='ocrx_word' id='word_1_92' title='bbox 1027 1539 1056 1594; x_wconf 92' lang='lat' dir='ltr'>p.</span> <span class='ocrx_word' id='word_1_93' title='bbox 1077 1517 1128 1576; x_wconf 79' lang='lat'>25.</span> 
     </span>
    </p>

    <p class='ocr_par' dir='ltr' id='par_1_5' title="bbox 122 1627 1266 3692">
     <span class='ocr_line' id='line_1_12' title="bbox 228 1627 1266 1705; baseline 0.003 -23"><span class='ocrx_word' id='word_1_94' title='bbox 228 1627 317 1684; x_wconf 87' lang='lat' dir='ltr'>Plura</span> <span class='ocrx_word' id='word_1_95' title='bbox 340 1627 376 1684; x_wconf 91' lang='lat' dir='ltr'>de</span> <span class='ocrx_word' id='word_1_96' title='bbox 398 1635 461 1684; x_wconf 89' lang='lat' dir='ltr'>tota</span> <span class='ocrx_word' id='word_1_97' title='bbox 483 1629 537 1685; x_wconf 90' lang='lat' dir='ltr'>hae</span> <span class='ocrx_word' id='word_1_98' title='bbox 560 1629 839 1686; x_wconf 85' lang='lat' dir='ltr'>commentationum</span> <span class='ocrx_word' id='word_1_99' title='bbox 862 1629 998 1705; x_wconf 87' lang='lat' dir='ltr'>congerie</span> <span class='ocrx_word' id='word_1_100' title='bbox 1025 1649 1085 1687; x_wconf 92' lang='lat' dir='ltr'>non</span> <span class='ocrx_word' id='word_1_101' title='bbox 1112 1629 1266 1686; x_wconf 88' lang='lat' dir='ltr'>statuenda</span> 
     </span>
     <span class='ocr_line' id='line_1_13' title="bbox 153 1737 1265 1821; baseline 0.003 -27"><span class='ocrx_word' id='word_1_102' title='bbox 153 1745 215 1794; x_wconf 86' lang='lat' dir='ltr'>sunt</span> <span class='ocrx_word' id='word_1_103' title='bbox 235 1737 401 1812; x_wconf 88' lang='lat' dir='ltr'>priusquam</span> <span class='ocrx_word' id='word_1_104' title='bbox 425 1737 556 1813; x_wconf 90' lang='lat' dir='ltr'>singulas</span> <span class='ocrx_word' id='word_1_105' title='bbox 580 1757 628 1796; x_wconf 88' lang='lat' dir='ltr'>eas</span> <span class='ocrx_word' id='word_1_106' title='bbox 650 1740 737 1821; x_wconf 84' lang='lat' dir='ltr'>paulo</span> <span class='ocrx_word' id='word_1_107' title='bbox 753 1739 914 1797; x_wconf 82' lang='lat' dir='ltr'>accuratius</span> <span class='ocrx_word' id='word_1_108' title='bbox 937 1739 1125 1814; x_wconf 87' lang='lat' dir='ltr'>contemplati</span> <span class='ocrx_word' id='word_1_109' title='bbox 1150 1738 1265 1797; x_wconf 88' lang='lat' dir='ltr'>erimus.</span> 
     </span>
     <span class='ocr_line' id='line_1_14' title="bbox 152 1845 1265 1924; baseline -0.001 -20"><span class='ocrx_word' id='word_1_110' title='bbox 152 1847 243 1904; x_wconf 90' lang='lat' dir='ltr'>Prima</span> <span class='ocrx_word' id='word_1_111' title='bbox 271 1848 361 1922; x_wconf 89' lang='lat' dir='ltr'>igitur</span> <span class='ocrx_word' id='word_1_112' title='bbox 387 1868 453 1924; x_wconf 90' lang='lat' dir='ltr'>pars</span> <span class='ocrx_word' id='word_1_113' title='bbox 482 1849 616 1906; x_wconf 89' lang='lat' dir='ltr'>continet</span> <span class='ocrx_word' id='word_1_114' title='bbox 642 1857 783 1906; x_wconf 85' lang='lat' dir='ltr'>tractatus</span> <span class='ocrx_word' id='word_1_115' title='bbox 809 1846 870 1922; x_wconf 70' lang='lat' dir='ltr'>napi</span> <span class='ocrx_word' id='word_1_116' title='bbox 900 1845 1073 1903; x_wconf 70' lang='grc' dir='ltr'>ἐπιδεικτικῶν</span> <span class='ocrx_word' id='word_1_117' title='bbox 1102 1869 1205 1908; x_wconf 92' lang='lat' dir='ltr'>omnes</span> <span class='ocrx_word' id='word_1_118' title='bbox 1231 1857 1265 1907; x_wconf 91' lang='lat' dir='ltr'>ut</span> 
     </span>
     <span class='ocr_line' id='line_1_15' title="bbox 151 1957 1265 2035; baseline 0.002 -21"><span class='ocrx_word' id='word_1_119' title='bbox 151 1958 259 2014; x_wconf 88' lang='lat' dir='ltr'>videtur</span> <span class='ocrx_word' id='word_1_120' title='bbox 286 1957 435 2018; x_wconf 85' lang='lat' dir='ltr'>dedicatos</span> <span class='ocrx_word' id='word_1_121' title='bbox 464 1960 613 2034; x_wconf 87' lang='lat' dir='ltr'>scriptoris</span> <span class='ocrx_word' id='word_1_122' title='bbox 642 1961 784 2035; x_wconf 91' lang='lat' dir='ltr'>discipulo</span> <span class='ocrx_word' id='word_1_123' title='bbox 812 1962 959 2034; x_wconf 90' lang='lat' dir='ltr'>quondam</span> <span class='ocrx_word' id='word_1_124' title='bbox 981 1961 1077 2019; x_wconf 92' lang='lat' dir='ltr'>amico</span> <span class='ocrx_word' id='word_1_125' title='bbox 1099 1961 1265 2018; x_wconf 87' lang='lat' dir='ltr'>Echecrati.</span> 
     </span>
     <span class='ocr_line' id='line_1_16' title="bbox 149 2067 1265 2147; baseline 0.001 -20"><span class='ocrx_word' id='word_1_126' title='bbox 149 2067 221 2128; x_wconf 82' lang='lat' dir='ltr'>Sunt</span> <span class='ocrx_word' id='word_1_127' title='bbox 241 2069 397 2143; x_wconf 89' lang='lat' dir='ltr'>epistolae,</span> <span class='ocrx_word' id='word_1_128' title='bbox 420 2089 491 2144; x_wconf 89' lang='lat' dir='ltr'>quas</span> <span class='ocrx_word' id='word_1_129' title='bbox 513 2071 551 2126; x_wconf 88' lang='lat' dir='ltr'>ad</span> <span class='ocrx_word' id='word_1_130' title='bbox 573 2089 604 2127; x_wconf 88' lang='lat' dir='ltr'>se</span> <span class='ocrx_word' id='word_1_131' title='bbox 627 2071 730 2129; x_wconf 88' lang='lat' dir='ltr'>missas</span> <span class='ocrx_word' id='word_1_132' title='bbox 748 2072 938 2144; x_wconf 84' lang='lat' dir='ltr'>Echecrates,</span> <span class='ocrx_word' id='word_1_133' title='bbox 960 2079 1114 2147; x_wconf 90' lang='lat' dir='ltr'>postquam</span> <span class='ocrx_word' id='word_1_134' title='bbox 1137 2070 1265 2128; x_wconf 87' lang='lat' dir='ltr'>maxime</span> 
     </span>
     <span class='ocr_line' id='line_1_17' title="bbox 147 2179 1265 2256; baseline 0.002 -20"><span class='ocrx_word' id='word_1_135' title='bbox 147 2179 176 2236; x_wconf 90' lang='lat' dir='ltr'>in</span> <span class='ocrx_word' id='word_1_136' title='bbox 200 2181 325 2238; x_wconf 89' lang='lat' dir='ltr'>exordiis</span> <span class='ocrx_word' id='word_1_137' title='bbox 348 2181 465 2254; x_wconf 90' lang='lat' dir='ltr'>paulum</span> <span class='ocrx_word' id='word_1_138' title='bbox 490 2181 628 2252; x_wconf 89' lang='lat' dir='ltr'>mutavit,</span> <span class='ocrx_word' id='word_1_139' title='bbox 654 2180 686 2237; x_wconf 92' lang='lat' dir='ltr'>in</span> <span class='ocrx_word' id='word_1_140' title='bbox 708 2181 857 2256; x_wconf 92' lang='lat' dir='ltr'>publicum</span> <span class='ocrx_word' id='word_1_141' title='bbox 882 2182 981 2240; x_wconf 77' lang='lat' dir='ltr'>acidia</span> <span class='ocrx_word' id='word_1_142' title='bbox 1032 2182 1137 2256; x_wconf 88' lang='lat' dir='ltr'>Itaque</span> <span class='ocrx_word' id='word_1_143' title='bbox 1160 2182 1196 2238; x_wconf 92' lang='lat' dir='ltr'>de</span> <span class='ocrx_word' id='word_1_144' title='bbox 1221 2189 1265 2239; x_wconf 86' lang='lat' dir='ltr'>est</span> 
     </span>
     <span class='ocr_line' id='line_1_18' title="bbox 146 2289 1263 2368; baseline 0.002 -22"><span class='ocrx_word' id='word_1_145' title='bbox 146 2290 176 2348; x_wconf 92' lang='lat' dir='ltr'>in</span> <span class='ocrx_word' id='word_1_146' title='bbox 208 2290 299 2365; x_wconf 89' lang='lat' dir='ltr'>primo</span> <span class='ocrx_word' id='word_1_147' title='bbox 330 2291 366 2348; x_wconf 91' lang='lat' dir='ltr'>de</span> <span class='ocrx_word' id='word_1_148' title='bbox 398 2289 584 2365; x_wconf 86' lang='lat' dir='ltr'>panegyricis</span> <span class='ocrx_word' id='word_1_149' title='bbox 615 2291 798 2349; x_wconf 88' lang='lat' dir='ltr'>orationibus</span> <span class='ocrx_word' id='word_1_150' title='bbox 828 2292 921 2368; x_wconf 90' lang='lat' dir='ltr'>capite</span> <span class='ocrx_word' id='word_1_151' title='bbox 952 2293 1081 2365; x_wconf 87' lang='lat' dir='ltr'>initium,</span> <span class='ocrx_word' id='word_1_152' title='bbox 1117 2293 1202 2366; x_wconf 90' lang='lat' dir='ltr'>quale</span> <span class='ocrx_word' id='word_1_153' title='bbox 1232 2291 1263 2348; x_wconf 89' lang='lat' dir='ltr'>in</span> 
     </span>
     <span class='ocr_line' id='line_1_19' title="bbox 146 2400 1265 2477; baseline 0.002 -21"><span class='ocrx_word' id='word_1_154' title='bbox 146 2400 267 2474; x_wconf 86' lang='lat' dir='ltr'>epistola</span> <span class='ocrx_word' id='word_1_155' title='bbox 289 2419 348 2457; x_wconf 94' lang='lat' dir='ltr'>non</span> <span class='ocrx_word' id='word_1_156' title='bbox 373 2400 457 2457; x_wconf 87' lang='lat' dir='ltr'>sacile</span> <span class='ocrx_word' id='word_1_157' title='bbox 480 2401 676 2472; x_wconf 86' lang='lat' dir='ltr'>desideratur;</span> <span class='ocrx_word' id='word_1_158' title='bbox 708 2402 811 2459; x_wconf 89' lang='lat' dir='ltr'>debuit</span> <span class='ocrx_word' id='word_1_159' title='bbox 837 2403 914 2460; x_wconf 91' lang='lat' dir='ltr'>enim</span> <span class='ocrx_word' id='word_1_160' title='bbox 942 2412 1043 2460; x_wconf 88' lang='lat' dir='ltr'>auctor</span> <span class='ocrx_word' id='word_1_161' title='bbox 1064 2402 1163 2477; x_wconf 91' lang='lat' dir='ltr'>paucis</span> <span class='ocrx_word' id='word_1_162' title='bbox 1187 2410 1265 2459; x_wconf 90' lang='lat' dir='ltr'>certe</span> 
     </span>
     <span class='ocr_line' id='line_1_20' title="bbox 143 2510 1265 2588; baseline 0.002 -22"><span class='ocrx_word' id='word_1_163' title='bbox 143 2510 268 2586; x_wconf 83' lang='lat' dir='ltr'>praeseri</span> <span class='ocrx_word' id='word_1_164' title='bbox 291 2529 354 2566; x_wconf 87' lang='lat' dir='ltr'>sese</span> <span class='ocrx_word' id='word_1_165' title='bbox 377 2511 574 2585; x_wconf 87' lang='lat' dir='ltr'>compluribus</span> <span class='ocrx_word' id='word_1_166' title='bbox 599 2511 731 2586; x_wconf 87' lang='lat' dir='ltr'>epistolis</span> <span class='ocrx_word' id='word_1_167' title='bbox 755 2512 790 2569; x_wconf 92' lang='lat' dir='ltr'>de</span> <span class='ocrx_word' id='word_1_168' title='bbox 818 2513 1041 2570; x_wconf 82' lang='lat' dir='ltr'>demonstrativi</span> <span class='ocrx_word' id='word_1_169' title='bbox 1063 2513 1179 2588; x_wconf 86' lang='lat' dir='ltr'>generis</span> <span class='ocrx_word' id='word_1_170' title='bbox 1202 2531 1265 2569; x_wconf 89' lang='lat' dir='ltr'>ora·</span> 
     </span>
     <span class='ocr_line' id='line_1_21' title="bbox 142 2619 1264 2698; baseline 0 -20"><span class='ocrx_word' id='word_1_171' title='bbox 142 2619 274 2678; x_wconf 84' lang='lat' dir='ltr'>tionibus</span> <span class='ocrx_word' id='word_1_172' title='bbox 296 2623 427 2678; x_wconf 83' lang='lat' dir='ltr'>acturum</span> <span class='ocrx_word' id='word_1_173' title='bbox 452 2640 523 2678; x_wconf 86' lang='lat' dir='ltr'>csse.</span> <span class='ocrx_word' id='word_1_174' title='bbox 560 2622 770 2680; x_wconf 89' lang='lat' dir='ltr'>Desideramus</span> <span class='ocrx_word' id='word_1_175' title='bbox 794 2642 856 2680; x_wconf 88' lang='lat' dir='ltr'>eam</span> <span class='ocrx_word' id='word_1_176' title='bbox 880 2624 997 2698; x_wconf 86' lang='lat' dir='ltr'>quidem</span> <span class='ocrx_word' id='word_1_177' title='bbox 1020 2623 1154 2681; x_wconf 86' lang='lat' dir='ltr'>notitiam</span> <span class='ocrx_word' id='word_1_178' title='bbox 1179 2621 1264 2679; x_wconf 88' lang='lat' dir='ltr'>initio</span> 
     </span>
     <span class='ocr_line' id='line_1_22' title="bbox 141 2731 1265 2810; baseline -0.002 -20"><span class='ocrx_word' id='word_1_179' title='bbox 141 2731 247 2806; x_wconf 85' lang='lat' dir='ltr'>capitis</span> <span class='ocrx_word' id='word_1_180' title='bbox 272 2731 369 2804; x_wconf 90' lang='lat' dir='ltr'>primi,</span> <span class='ocrx_word' id='word_1_181' title='bbox 395 2731 421 2788; x_wconf 92' lang='lat' dir='ltr'>si</span> <span class='ocrx_word' id='word_1_182' title='bbox 448 2731 566 2806; x_wconf 90' lang='lat' dir='ltr'>quidem</span> <span class='ocrx_word' id='word_1_183' title='bbox 594 2733 624 2789; x_wconf 93' lang='lat' dir='ltr'>id</span> <span class='ocrx_word' id='word_1_184' title='bbox 649 2753 715 2790; x_wconf 86' lang='lat' dir='ltr'>vere</span> <span class='ocrx_word' id='word_1_185' title='bbox 738 2734 861 2808; x_wconf 91' lang='lat' dir='ltr'>primum</span> <span class='ocrx_word' id='word_1_186' title='bbox 886 2734 975 2792; x_wconf 80' lang='lat' dir='ltr'>luisse</span> <span class='ocrx_word' id='word_1_187' title='bbox 995 2733 1188 2810; x_wconf 87' lang='lat' dir='ltr'>judicandum</span> <span class='ocrx_word' id='word_1_188' title='bbox 1212 2740 1265 2803; x_wconf 91' lang='lat' dir='ltr'>est,</span> 
     </span>
     <span class='ocr_line' id='line_1_23' title="bbox 138 2842 1265 2918; baseline 0.002 -19"><span class='ocrx_word' id='word_1_189' title='bbox 138 2862 240 2916; x_wconf 90' lang='lat' dir='ltr'>neque</span> <span class='ocrx_word' id='word_1_190' title='bbox 264 2843 343 2915; x_wconf 90' lang='lat' dir='ltr'>quod</span> <span class='ocrx_word' id='word_1_191' title='bbox 366 2842 458 2898; x_wconf 90' lang='lat' dir='ltr'>multo</span> <span class='ocrx_word' id='word_1_192' title='bbox 481 2843 661 2916; x_wconf 87' lang='lat' dir='ltr'>probabilius</span> <span class='ocrx_word' id='word_1_193' title='bbox 685 2851 730 2900; x_wconf 82' lang='lat' dir='ltr'>eat</span> <span class='ocrx_word' id='word_1_194' title='bbox 751 2843 857 2901; x_wconf 87' lang='lat' dir='ltr'>amissa</span> <span class='ocrx_word' id='word_1_195' title='bbox 878 2845 964 2903; x_wconf 90' lang='lat' dir='ltr'>nobis</span> <span class='ocrx_word' id='word_1_196' title='bbox 991 2853 1060 2902; x_wconf 88' lang='lat' dir='ltr'>sunt</span> <span class='ocrx_word' id='word_1_197' title='bbox 1081 2844 1139 2902; x_wconf 90' lang='lat' dir='ltr'>alia</span> <span class='ocrx_word' id='word_1_198' title='bbox 1161 2843 1265 2918; x_wconf 85' lang='lat' dir='ltr'>capita,</span> 
     </span>
     <span class='ocr_line' id='line_1_24' title="bbox 137 2952 1266 3030; baseline 0.002 -22"><span class='ocrx_word' id='word_1_199' title='bbox 137 2973 218 3027; x_wconf 89' lang='lat' dir='ltr'>qnae</span> <span class='ocrx_word' id='word_1_200' title='bbox 243 2954 299 3009; x_wconf 92' lang='lat' dir='ltr'>hoc</span> <span class='ocrx_word' id='word_1_201' title='bbox 322 2953 358 3008; x_wconf 95' lang='lat' dir='ltr'>de</span> <span class='ocrx_word' id='word_1_202' title='bbox 382 2952 566 3026; x_wconf 85' lang='lat' dir='ltr'>panegyricis</span> <span class='ocrx_word' id='word_1_203' title='bbox 589 2953 771 3010; x_wconf 87' lang='lat' dir='ltr'>orationibus</span> <span class='ocrx_word' id='word_1_204' title='bbox 794 2963 879 3028; x_wconf 89' lang='lat' dir='ltr'>capnt</span> <span class='ocrx_word' id='word_1_205' title='bbox 900 2973 1072 3030; x_wconf 80' lang='lat' dir='ltr'>praegressa</span> <span class='ocrx_word' id='word_1_206' title='bbox 1093 2954 1161 3012; x_wconf 89' lang='lat' dir='ltr'>sint.</span> <span class='ocrx_word' id='word_1_207' title='bbox 1205 2952 1266 3012; x_wconf 83' lang='lat' dir='ltr'>Cur</span> 
     </span>
     <span class='ocr_line' id='line_1_25' title="bbox 133 3063 1264 3139; baseline 0.002 -19"><span class='ocrx_word' id='word_1_208' title='bbox 133 3065 180 3120; x_wconf 87' lang='lat' dir='ltr'>ita</span> <span class='ocrx_word' id='word_1_209' title='bbox 207 3063 391 3138; x_wconf 86' lang='lat' dir='ltr'>judicemus,</span> <span class='ocrx_word' id='word_1_210' title='bbox 423 3063 564 3122; x_wconf 88' lang='lat' dir='ltr'>dicendae</span> <span class='ocrx_word' id='word_1_211' title='bbox 596 3083 699 3122; x_wconf 88' lang='lat' dir='ltr'>causae</span> <span class='ocrx_word' id='word_1_212' title='bbox 730 3063 806 3120; x_wconf 89' lang='lat' dir='ltr'>insra</span> <span class='ocrx_word' id='word_1_213' title='bbox 834 3064 916 3122; x_wconf 90' lang='lat' dir='ltr'>locus</span> <span class='ocrx_word' id='word_1_214' title='bbox 947 3065 1010 3124; x_wconf 90' lang='lat' dir='ltr'>crit.</span> <span class='ocrx_word' id='word_1_215' title='bbox 1061 3065 1198 3139; x_wconf 87' lang='lat' dir='ltr'>Epistola</span> <span class='ocrx_word' id='word_1_216' title='bbox 1226 3065 1264 3122; x_wconf 89' lang='lat' dir='ltr'>de</span> 
     </span>
     <span class='ocr_line' id='line_1_26' title="bbox 131 3173 1263 3250; baseline 0 -20"><span class='ocrx_word' id='word_1_217' title='bbox 131 3173 330 3249; x_wconf 84' lang='lat' dir='ltr'>panegyricis</span> <span class='ocrx_word' id='word_1_218' title='bbox 353 3173 547 3244; x_wconf 88' lang='lat' dir='ltr'>orationibus,</span> <span class='ocrx_word' id='word_1_219' title='bbox 577 3175 656 3248; x_wconf 93' lang='lat' dir='ltr'>quod</span> <span class='ocrx_word' id='word_1_220' title='bbox 683 3193 762 3232; x_wconf 89' lang='lat' dir='ltr'>nunc</span> <span class='ocrx_word' id='word_1_221' title='bbox 786 3183 831 3232; x_wconf 91' lang='lat' dir='ltr'>est</span> <span class='ocrx_word' id='word_1_222' title='bbox 852 3183 939 3250; x_wconf 86' lang='lat' dir='ltr'>caput</span> <span class='ocrx_word' id='word_1_223' title='bbox 960 3176 1084 3250; x_wconf 90' lang='lat' dir='ltr'>primum</span> <span class='ocrx_word' id='word_1_224' title='bbox 1107 3174 1263 3249; x_wconf 86' lang='lat' dir='ltr'>separatim</span> 
     </span>
     <span class='ocr_line' id='line_1_27' title="bbox 127 3285 1265 3360; baseline -0.001 -17"><span class='ocrx_word' id='word_1_225' title='bbox 127 3286 251 3360; x_wconf 88' lang='lat' dir='ltr'>scripta</span> <span class='ocrx_word' id='word_1_226' title='bbox 274 3291 317 3342; x_wconf 88' lang='lat' dir='ltr'>est</span> <span class='ocrx_word' id='word_1_227' title='bbox 339 3303 435 3357; x_wconf 87' lang='lat' dir='ltr'>neque</span> <span class='ocrx_word' id='word_1_228' title='bbox 459 3285 562 3341; x_wconf 90' lang='lat' dir='ltr'>eodem</span> <span class='ocrx_word' id='word_1_229' title='bbox 586 3293 717 3358; x_wconf 90' lang='lat' dir='ltr'>tempore</span> <span class='ocrx_word' id='word_1_230' title='bbox 740 3303 798 3359; x_wconf 93' lang='lat' dir='ltr'>quo</span> <span class='ocrx_word' id='word_1_231' title='bbox 822 3295 909 3360; x_wconf 88' lang='lat' dir='ltr'>caput</span> <span class='ocrx_word' id='word_1_232' title='bbox 931 3287 1105 3358; x_wconf 91' lang='lat' dir='ltr'>secundum,</span> <span class='ocrx_word' id='word_1_233' title='bbox 1132 3286 1162 3342; x_wconf 93' lang='lat' dir='ltr'>id</span> <span class='ocrx_word' id='word_1_234' title='bbox 1185 3285 1265 3359; x_wconf 92' lang='lat' dir='ltr'>quod</span> 
     </span>
     <span class='ocr_line' id='line_1_28' title="bbox 126 3393 1265 3471; baseline -0.002 -17"><span class='ocrx_word' id='word_1_235' title='bbox 126 3395 337 3454; x_wconf 85' lang='lat' dir='ltr'>concluserim</span> <span class='ocrx_word' id='word_1_236' title='bbox 362 3415 398 3452; x_wconf 89' lang='lat' dir='ltr'>ex</span> <span class='ocrx_word' id='word_1_237' title='bbox 421 3394 507 3451; x_wconf 89' lang='lat' dir='ltr'>initio</span> <span class='ocrx_word' id='word_1_238' title='bbox 534 3413 595 3468; x_wconf 92' lang='lat' dir='ltr'>cap.</span> <span class='ocrx_word' id='word_1_239' title='bbox 616 3395 658 3452; x_wconf 93' lang='lat' dir='ltr'>II.</span> <span class='ocrx_word' id='word_1_240' title='bbox 684 3415 711 3470; x_wconf 90' lang='lat' dir='ltr'>p.</span> <span class='ocrx_word' id='word_1_241' title='bbox 733 3393 795 3454; x_wconf 80' lang='lat'>233</span> <span class='ocrx_word' id='word_1_242' title='bbox 819 3396 855 3455; x_wconf 83' lang='lat' dir='ltr'>R.</span> <span class='ocrx_word' id='word_1_243' title='bbox 899 3395 958 3454; x_wconf 82' lang='lat' dir='ltr'>Sed</span> <span class='ocrx_word' id='word_1_244' title='bbox 986 3415 1023 3454; x_wconf 90' lang='lat' dir='ltr'>ex</span> <span class='ocrx_word' id='word_1_245' title='bbox 1049 3397 1178 3471; x_wconf 89' lang='lat' dir='ltr'>ejusdem</span> <span class='ocrx_word' id='word_1_246' title='bbox 1206 3395 1265 3452; x_wconf 93' lang='lat' dir='ltr'>loci</span> 
     </span>
     <span class='ocr_line' id='line_1_29' title="bbox 123 3506 1264 3582; baseline -0.003 -18"><span class='ocrx_word' id='word_1_247' title='bbox 123 3507 241 3564; x_wconf 81' lang='lat' dir='ltr'>verbIs</span> <span class='ocrx_word' id='word_1_248' title='bbox 264 3506 408 3563; x_wconf 92' lang='lat' dir='ltr'>concludo</span> <span class='ocrx_word' id='word_1_249' title='bbox 431 3525 484 3580; x_wconf 92' lang='lat' dir='ltr'>pro</span> <span class='ocrx_word' id='word_1_250' title='bbox 507 3506 586 3562; x_wconf 91' lang='lat' dir='ltr'>dono</span> <span class='ocrx_word' id='word_1_251' title='bbox 609 3506 732 3580; x_wconf 88' lang='lat' dir='ltr'>nuptiali</span> <span class='ocrx_word' id='word_1_252' title='bbox 753 3527 841 3564; x_wconf 91' lang='lat' dir='ltr'>unam</span> <span class='ocrx_word' id='word_1_253' title='bbox 856 3507 974 3565; x_wconf 90' lang='lat' dir='ltr'>missam</span> <span class='ocrx_word' id='word_1_254' title='bbox 991 3510 1185 3582; x_wconf 85' lang='lat' dir='ltr'>scriptamque</span> <span class='ocrx_word' id='word_1_255' title='bbox 1201 3523 1264 3562; x_wconf 90' lang='lat' dir='ltr'>asse</span> 
     </span>
     <span class='ocr_line' id='line_1_30' title="bbox 122 3616 1264 3692; baseline -0.002 -18"><span class='ocrx_word' id='word_1_256' title='bbox 122 3617 295 3692; x_wconf 86' lang='lat' dir='ltr'>epistolam</span> <span class='ocrx_word' id='word_1_257' title='bbox 320 3636 394 3690; x_wconf 91' lang='lat' dir='ltr'>quae</span> <span class='ocrx_word' id='word_1_258' title='bbox 418 3616 585 3674; x_wconf 89' lang='lat' dir='ltr'>continetur</span> <span class='ocrx_word' id='word_1_259' title='bbox 607 3617 700 3691; x_wconf 88' lang='lat' dir='ltr'>capite</span> <span class='ocrx_word' id='word_1_260' title='bbox 723 3619 829 3689; x_wconf 88' lang='lat' dir='ltr'>altero;</span> <span class='ocrx_word' id='word_1_261' title='bbox 862 3637 921 3676; x_wconf 92' lang='lat' dir='ltr'>non</span> <span class='ocrx_word' id='word_1_262' title='bbox 950 3617 1052 3674; x_wconf 90' lang='lat' dir='ltr'>eodem</span> <span class='ocrx_word' id='word_1_263' title='bbox 1079 3616 1171 3691; x_wconf 85' lang='lat' dir='ltr'>igitur</span> <span class='ocrx_word' id='word_1_264' title='bbox 1192 3625 1264 3672; x_wconf 89' lang='lat' dir='ltr'>tem·</span> 
     </span>
    </p>

    <p class='ocr_par' dir='ltr' id='par_1_6' title="bbox 106 3725 1265 4134">
     <span class='ocr_line' id='line_1_31' title="bbox 116 3725 1264 3803; baseline -0.003 -18"><span class='ocrx_word' id='word_1_265' title='bbox 116 3747 208 3803; x_wconf 87' lang='lat' dir='ltr'>pore</span> <span class='ocrx_word' id='word_1_266' title='bbox 241 3728 390 3801; x_wconf 87' lang='lat' dir='ltr'>accepisse</span> <span class='ocrx_word' id='word_1_267' title='bbox 417 3727 490 3784; x_wconf 92' lang='lat' dir='ltr'>mihi</span> <span class='ocrx_word' id='word_1_268' title='bbox 516 3727 693 3784; x_wconf 87' lang='lat' dir='ltr'>Echecrates</span> <span class='ocrx_word' id='word_1_269' title='bbox 719 3727 836 3785; x_wconf 90' lang='lat' dir='ltr'>videtur</span> <span class='ocrx_word' id='word_1_270' title='bbox 862 3731 938 3786; x_wconf 88' lang='lat' dir='ltr'>hanc</span> <span class='ocrx_word' id='word_1_271' title='bbox 966 3735 994 3786; x_wconf 88' lang='lat' dir='ltr'>et</span> <span class='ocrx_word' id='word_1_272' title='bbox 1021 3727 1135 3784; x_wconf 89' lang='lat' dir='ltr'>tertiam</span> <span class='ocrx_word' id='word_1_273' title='bbox 1160 3725 1264 3783; x_wconf 90' lang='lat' dir='ltr'>disser-</span> 
     </span>
     <span class='ocr_line' id='line_1_32' title="bbox 114 3837 1265 3913; baseline -0.003 -18"><span class='ocrx_word' id='word_1_274' title='bbox 114 3838 287 3896; x_wconf 85' lang='lat' dir='ltr'>tationes:</span> <span class='ocrx_word' id='word_1_275' title='bbox 319 3837 426 3912; x_wconf 86' lang='lat' dir='ltr'>capita,</span> <span class='ocrx_word' id='word_1_276' title='bbox 453 3838 532 3909; x_wconf 86' lang='lat' dir='ltr'>dice,</span> <span class='ocrx_word' id='word_1_277' title='bbox 559 3838 718 3895; x_wconf 89' lang='lat' dir='ltr'>secundum</span> <span class='ocrx_word' id='word_1_278' title='bbox 747 3847 776 3896; x_wconf 92' lang='lat' dir='ltr'>et</span> <span class='ocrx_word' id='word_1_279' title='bbox 803 3839 928 3896; x_wconf 89' lang='lat' dir='ltr'>tertium.</span> <span class='ocrx_word' id='word_1_280' title='bbox 979 3839 1054 3895; x_wconf 90' lang='lat' dir='ltr'>Inde</span> <span class='ocrx_word' id='word_1_281' title='bbox 1077 3838 1156 3913; x_wconf 92' lang='lat' dir='ltr'>quod</span> <span class='ocrx_word' id='word_1_282' title='bbox 1179 3843 1265 3912; x_wconf 88' lang='lat' dir='ltr'>caput</span> 
     </span>
     <span class='ocr_line' id='line_1_33' title="bbox 112 3940 1264 4023; baseline -0.001 -17"><span class='ocrx_word' id='word_1_283' title='bbox 112 3948 258 4006; x_wconf 87' lang='lat' dir='ltr'>tertium</span> <span class='ocrx_word' id='word_1_284' title='bbox 276 3949 364 4006; x_wconf 90' lang='lat' dir='ltr'>habet</span> <span class='ocrx_word' id='word_1_285' title='bbox 379 3949 451 4005; x_wconf 90' lang='lat' dir='ltr'>illud</span> <span class='ocrx_word' id='word_1_286' title='bbox 466 3949 599 4005; x_wconf 90' lang='lat' dir='ltr'>initium:</span> <span class='ocrx_word' id='word_1_287' title='bbox 615 3940 737 4020; x_wconf 76' lang='grc' dir='ltr'>ἐχόμενος</span> <span class='ocrx_word' id='word_1_288' title='bbox 752 3944 781 4002; x_wconf 78' lang='grc' dir='ltr'>δέ</span> <span class='ocrx_word' id='word_1_289' title='bbox 795 3967 839 4002; x_wconf 87' lang='grc' dir='ltr'>σοι</span> <span class='ocrx_word' id='word_1_290' title='bbox 853 3941 958 4012; x_wconf 75' lang='grc' dir='ltr'><strong>τούτου,</strong></span> <span class='ocrx_word' id='word_1_291' title='bbox 975 3947 1109 4007; x_wconf 85' lang='lat' dir='ltr'>Schottio</span> <span class='ocrx_word' id='word_1_292' title='bbox 1124 3948 1264 4023; x_wconf 89' lang='lat' dir='ltr'>probatur</span> 
     </span>
     <span class='ocr_line' id='line_1_34' title="bbox 106 4057 1262 4134; baseline -0.003 -17"><span class='ocrx_word' id='word_1_293' title='bbox 106 4060 244 4117; x_wconf 86' lang='lat' dir='ltr'>codem</span> <span class='ocrx_word' id='word_1_294' title='bbox 277 4067 407 4133; x_wconf 83' lang='lat' dir='ltr'>tempore</span> <span class='ocrx_word' id='word_1_295' title='bbox 434 4059 582 4133; x_wconf 89' lang='lat' dir='ltr'>accepisse</span> <span class='ocrx_word' id='word_1_296' title='bbox 611 4060 803 4117; x_wconf 88' lang='lat' dir='ltr'>Echecratcm</span> <span class='ocrx_word' id='word_1_297' title='bbox 831 4069 987 4134; x_wconf 88' lang='lat' dir='ltr'>utrumque</span> <span class='ocrx_word' id='word_1_298' title='bbox 1014 4067 1179 4129; x_wconf 87' lang='lat' dir='ltr'>tractatum,</span> <span class='ocrx_word' id='word_1_299' title='bbox 1211 4057 1262 4114; x_wconf 90' lang='lat' dir='ltr'>sed</span> 
     </span>
    </p>
   </div>
   <div class='ocr_carea' id='block_1_5' title="bbox 103 4163 1263 4244">
    <p class='ocr_par' dir='ltr' id='par_1_7' title="bbox 103 4163 1263 4244">
     <span class='ocr_line' id='line_1_35' title="bbox 103 4163 1263 4244; baseline -0.002 -16"><span class='ocrx_word' id='word_1_300' title='bbox 103 4170 236 4229; x_wconf 85' lang='lat' dir='ltr'>malim</span> <span class='ocrx_word' id='word_1_301' title='bbox 269 4170 335 4228; x_wconf 90' lang='lat' dir='ltr'>illa:</span> <span class='ocrx_word' id='word_1_302' title='bbox 367 4163 490 4242; x_wconf 69' lang='grc' dir='ltr'><strong><em>ἐχόμενος</em></strong></span> <span class='ocrx_word' id='word_1_303' title='bbox 516 4169 567 4222; x_wconf 81' lang='grc' dir='ltr'><strong><em>κτλ.</em></strong></span> <span class='ocrx_word' id='word_1_304' title='bbox 596 4188 659 4228; x_wconf 90' lang='lat' dir='ltr'>csse</span> <span class='ocrx_word' id='word_1_305' title='bbox 687 4170 787 4228; x_wconf 87' lang='lat' dir='ltr'>addita</span> <span class='ocrx_word' id='word_1_306' title='bbox 812 4171 848 4227; x_wconf 93' lang='lat' dir='ltr'>ab</span> <span class='ocrx_word' id='word_1_307' title='bbox 876 4170 987 4228; x_wconf 91' lang='lat' dir='ltr'>editore</span> <span class='ocrx_word' id='word_1_308' title='bbox 1009 4169 1181 4240; x_wconf 85' lang='lat' dir='ltr'>Echecrate,</span> <span class='ocrx_word' id='word_1_309' title='bbox 1213 4167 1263 4244; x_wconf 86' lang='lat' dir='ltr'>qni</span> 
     </span>
    </p>
   </div>
   <div class='ocr_carea' id='block_1_6' title="bbox 0 0 1526 4790">
    <p class='ocr_par' dir='ltr' id='par_1_8' title="bbox 0 0 1526 4790">
     <span class='ocr_line' id='line_1_36' title="bbox 0 0 1526 4790; baseline 0 6"><span class='ocrx_word' id='word_1_310' title='bbox 0 0 1526 4790; x_wconf 95' lang='lat' dir='ltr'> </span> 
     </span>
    </p>
   </div>
  </div>
 </body>
</html>
