3042 4790
705 327 918 390 ,38-

247 499 341 560 κτίσεις
369 491 525 565 ἐπελήλυθε,
557 495 684 570 βασιλέων
710 515 739 551 τε
765 495 837 569 βίους
862 495 907 552 καῖ
937 491 1028 553 τόπων
1039 495 1060 569 1)
1090 493 1219 572 ἰδιώματα
1241 493 1351 571 δεδήλωκε,

245 611 291 668 κεῖ
306 629 331 663 τι
352 602 515 682 θαυμαστόν
535 600 552 676 ή
573 599 729 681 παράδοξον
750 602 846 678 ἑκάστη
866 603 901 684 γή
922 605 967 663 καί
988 601 1115 663 θάλαττα
1136 610 1221 685 φέρει,
1244 599 1349 688 συμπερι·

247 720 334 791 είληφε
362 714 395 793 τῇ
424 717 599 794 πραγματείᾳ.
645 716 701 772 Καὶ
726 716 815 792 μηδείς
839 711 963 792 ύπολάβγγ
994 719 1171 795 ψυχαγωγίαν
1199 714 1268 776 ταῦτ’
1295 716 1350 778 τίνοι

246 824 341 904 μόνον·
374 821 406 886 ού
435 824 488 904 γάρ
520 824 604 890 οὕτως
634 825 697 900 ἔχει·
729 821 795 883 άλλά
825 824 919 884 πάσαν
948 822 984 890 ὦς
1025 827 1091 891 ῖπος
1127 827 1208 886 εἰπεῖν
1244 823 1353 904 ὠφέλειαν

247 938 400 1016 περιέχεαῖή

328 1046 385 1106 Ἳνα
407 1048 435 1105 δὲ
456 1041 531 1104 πάντ’
557 1042 619 1120 άφῶ
640 1040 734 1112 τᾶλλα,
756 1049 795 1110 τίς
816 1040 866 1118 ούχ
889 1041 1048 1124 ὁμολογήσει
1069 1051 1124 1112 τοῖς
1146 1042 1259 1106 άσκοῦσι
1272 1050 1292 1126 ³)
1316 1047 1356 1122 τήν

247 1155 398 1234 φιλόσοφον
419 1154 557 1236 ῥητορικήν
580 1151 724 1234 άναγκαῖον
746 1151 824 1222 εἶναι,
847 1152 933 1213 πολλά
954 1159 1002 1232 μὲν
1024 1157 1077 1229 ῖθη
1098 1157 1143 1215 καῖ
1165 1143 1299 1236 βαρβάρων
1317 1159 1356 1218 καί

243 1265 369 1340 Ἐλλήνων
391 1273 518 1344 ἐκμαθεῖν
539 1263 654 1330 πολλούς
675 1266 703 1322 δὲ
724 1261 822 1342 νόμους
844 1260 1015 1343 [άκούσαι]ί)
1038 1265 1083 1324 καί
1098 1267 1234 1326 πολιτειῶν
1248 1266 1357 1346 σχήματα

246 1379 291 1436 καί
322 1379 394 1453 βίους
425 1373 527 1454 ἆνδρῶν
557 1377 603 1434 καί
632 1372 740 1453 πράξεις
769 1375 815 1433 καῖ
843 1379 902 1449 τέλη
932 1377 978 1433 καί
1006 1373 1095 1450 τύχας.
1148 1373 1255 1437 Τούτων
1282 1382 1358 1438 τοίνυν

247 1487 357 1546 άπασαν
388 1483 526 1562 άφθονίαν
556 1487 665 1544 δέδωκεν
700 1481 748 1544 ούκ
785 1481 990 1564 ἀπεσπασμένην
1024 1485 1077 1545 τοῖν
1110 1485 1273 1566 πραγμάτων
1299 1484 1358 1548 ἄλλά

246 1596 450 1676 σομπαρούσαν.
480 1593 578 1655 Πάντα
601 1594 669 1671 (531⁵)
700 1595 785 1654 ταῦτα
808 1595 907 1669 ζηλωτὰ
929 1596 978 1654 τού
1005 1602 1191 1676 συγγραφέως,
1219 1593 1277 1657 κάτι
1299 1595 1361 1677 πρὸς

245 1706 350 1774 τούτοις
379 1707 433 1766 ὅσα
462 1711 605 1782 φιλοσοφεῖ
631 1701 694 1785 παρ’
731 1705 790 1780 ’λην
816 1705 863 1780 τήν
892 1709 1024 1784 ῖστορίαν,
1055 1709 1116 1785 περί
1141 1706 1303 1782 δικαιοσύνης
1321 1711 1362 1767 καί

245 1814 377 1894 εὐσεβείας
397 1819 444 1875 καί
465 1818 518 1877 τῶν
540 1814 624 1876 ἄλλων
642 1814 741 1894 άρεττῖν
760 1815 875 1883 πολλούς
888 1819 933 1875 καί
948 1815 1045 1883 καλούς
1058 1816 1252 1896 διεξερχόμενος
1265 1817 1361 1898 λόγους.

248 1927 401 1988 Τελευταῖόν
432 1933 486 1986 ἔστι
519 1928 572 1986 τῶν
608 1930 690 2008 ἔργων
721 1925 805 1986 αύτού
840 1929 886 1986 καὶ
919 1926 1231 2006 χαρακτηριστικιάτατον
1268 1927 1363 2007 ὅπερῦ)

247 2036 334 2098 οὐδενί
355 2039 406 2098 τῶν
429 2036 512 2096 ἄλλων
533 2043 709 2118 συγγραφέων
731 2039 814 2104 οὕτως
841 2034 953 2116 άκριβῶς
979 2042 1145 2118 ἐξείργασται
1169 2042 1215 2099 καῖ
1243 2040 1363 2108 δυνατῶς,

246 2147 306 2208 ούτε
333 2149 386 2207 τῶν
413 2151 591 2227 πρεςβυτέρων
621 2146 683 2209 οὔτε
704 2151 756 2209 τῶν
777 2154 918 2227 νεωτέρων·
940 2153 967 2206 τί
987 2151 1014 2208 δὲ
1036 2146 1108 2209 τοῦτ’
1137 2152 1208 2220 ἔστις
1239 2148 1277 2208 Τά
1298 2145 1361 2207 καθ’

247 2257 357 2332 ἑκάστην
386 2259 484 2336 πρᾶξιν
513 2259 549 2337 μή
577 2258 661 2338 μόνον
690 2259 724 2317 τά
754 2258 855 2337 φανερά
885 2265 941 2324 τοῖς
969 2264 1076 2325 πολλοῖς
1107 2257 1174 2338 όρᾶν
1202 2261 1247 2318 καί
1276 2264 1364 2338 λέγειν,

247 2365 304 2427 ἀλλ’
335 2367 459 2437 ἐξετάζειν
480 2371 525 2428 καὶ
546 2369 593 2436 τάς
615 2366 723 2445 άφανεῖς
746 2371 831 2436 αῖτίας
851 2370 904 2428 τῶν
925 2367 1046 2447 πράξεων
1067 2371 1112 2428 καῖ
1133 2369 1185 2430 τοῖν
1209 2368 1368 2448 πραξάντων
1421 2393 1431 2404 ’
1474 2360 1486 2378 “’

247 2477 363 2556 αύτάςῚ)
392 2479 426 2538 τά
452 2479 532 2554 πάθη
558 2479 604 2553 τής
629 2479 726 2558 ψυχῆς,
758 2478 776 2538 ά
806 2479 841 2557 μή
868 2479 948 2560 ράδια
973 2487 1029 2544 τοῖς
1053 2485 1162 2545 πολλοῖς
1187 2481 1294 2540 εἰδέναι·
1323 2481 1369 2538 καῖ

245 2587 322 2649 πάντ’
347 2588 513 2649 ἐκκολάπτειν
533 2589 567 2648 τά
589 2589 720 2668 μυστήρια
740 2591 786 2664 τής
806 2613 834 2650 τε
856 2588 985 2663 δοκούσης
1007 2587 1099 2668 άρετής
1119 2590 1230 2664 καὶτῆς
1252 2586 1369 2669 ἆγνοου-

246 2705 323 2777 με’νης
344 2704 444 2766 κακίας.
488 2704 547 2759 Καί
565 2724 612 2778 μοι
634 2703 706 2760 δοκεῖ
725 2698 760 2766 ὦς
783 2697 797 2760 ὃ
819 2699 1005 2778 μυθευόμενος
1025 2697 1089 2777 εἶναι
1110 2701 1163 2759 τῶν
1182 2701 1275 2778 ψυχαῖν
1296 2697 1370 2759 άπο-

220 2829 222 2832 ·
246 2811 381 2870 λοθεισῶν
402 2811 451 2870 τού
473 2809 597 2887 σώματος
619 2811 762 2889 ἐξετασμὸς
784 2814 827 2870 ἐπί
848 2811 900 2870 τόν
922 2818 974 2870 ἐκεῖ
993 2812 1133 2880 δικαοτοῖν,
1157 2810 1240 2876 οὕτως
1262 2806 1373 2888 ἀκριβής

248 2918 314 2980 εῖναι
337 2918 352 2980 ὁ
375 2920 418 2980 διά
440 2922 485 2994 τῆς
505 2920 670 2999 Θεοπόμπου
690 2924 796 3001 γραφῆς
817 2920 982 3001 γιγνόμενος·
1005 2920 1111 2981 διὸκαὶ
1132 2919 1265 2998 βάσκανος
1280 2921 1377 2986 ἔδοξεν

247 3029 314 3091 εἶναι
334 3031 543 3110 προςλαμβάνων
563 3031 622 3091 τινά
643 3039 698 3098 τοῖς
721 3029 874 3111 ἀναγκαίοις
895 3028 1053 3109 ὀνειδισμοῖς
1080 3031 1148 3090 κατά
1177 3032 1229 3091 τῶν
1256 3029 1379 3097 ἐνδόξων

246 3141 394 3220 προςτόπων
416 3139 464 3201 ούκ
487 3140 617 3222 άναγκαῖα
638 3141 855 3222 κατηγορήματα·
868 3145 890 3220 ⁸)
919 3141 1013 3220 ὅμοιόν
1033 3166 1058 3201 τι
1079 3142 1163 3202 ποιῶν
1182 3148 1239 3208 τοῖς
1259 3141 1380 3219 ἰατροῖς,

247 3332 450 3341 ————

317 3465 336 3531 ¹)
354 3467 449 3532 Scripsi
467 3483 514 3532 pro
534 3469 652 3517 codicum
671 3469 795 3532 scriptura
814 3463 929 3534 τρόποιν,
956 3474 1057 3516 secutus
1075 3466 1253 3531 Sylburgium‚
1273 3460 1387 3515 τόπων.
1472 3468 1511 3522 ἰη

314 3549 337 3613 ²)
355 3553 554 3602 Ambrosianus.
574 3551 698 3650 71aequ
717 3554 808 3616 reliqui
826 3555 941 3602 codices:
961 3551 1095 3600 πᾶσιν-
1113 3551 1229 3618 παρέχει.

314 3633 335 3699 ³)
354 3637 464 3687 Codices
483 3638 589 3686 ίιαίτεαει
607 3632 748 3696 άκούοισι,
768 3639 880 3687 correxit
896 3638 1022 3686 Reiskius.

314 3715 472 3786 )οἷκοτ”ισαι
489 3724 580 3772 melius
599 3724 707 3784 deletur,
732 3739 809 3786 quam
826 3730 938 3772 mutatur
962 3722 988 3770 in
1010 3714 1174 3788 άκριβῶσαι.
1202 3722 1276 3786 quod
1297 3722 1398 3771 voluit
1474 3709 1508 3773 {ld

246 3807 447 3856 Herwerdenius.

315 3889 337 3950 ⁵)
356 3893 442 3954 Vulgo
462 3890 496 3940 δι’.

314 3973 335 4038 ⁶)
353 3977 405 4024 Pro
424 3978 543 4026 codicum
560 3971 574 4025 ὅ
593 3969 658 4041 παρ’
677 3971 764 4025 οὐδενὶ
781 3977 976 4027 Herwerdenius
995 3971 1069 4040 ὅπερ.

314 4058 333 4122 ⁷)
353 4061 474 4111 Codices:
494 4055 578 4117 αὐτάς
597 4058 693 4110 καὶτὰ
711 4057 800 4126 πάθη.

315 4143 335 4204 ⁸)
354 4145 472 4209 Conjecit
489 4147 648 4210 Kruegerus,
667 4149 780 4197 codices:
799 4142 954 4210 πράγματα.
