3042 4790
172 480 212 539 iirr
234 481 429 555 διεφθονοῦντο
453 473 526 538 οὗτοι
550 477 667 552 ἀλληλοις
688 483 733 538 καί
756 478 949 540 ιἰντεπαίόευον.
980 481 1089 556 συνεχὴς
1113 485 1142 542 δέ
1163 491 1216 542 ἐστι
1240 491 1295 549 τοῖς

172 589 367 668 ἐνθυμήμασιν,
393 588 468 649 οίίπω
488 591 541 670 γὰρ
564 590 703 656 τελειώσας
724 591 756 650 τὸ
778 590 864 669 νόημα
888 589 950 650 <itio
969 589 1038 669 αίιτῴ
1054 599 1192 670 ουμπλέκει
1208 592 1291 652 ἐνθεί-

170 726 252 778 μημα.
283 700 326 758 διὰ
348 701 452 759 πολλῶν
474 698 499 758 δ’
528 699 676 761 αὐτοῦκαὶ
702 700 736 760 τὰ
758 707 894 779 προοίμια.
928 703 951 760 εί
973 705 1001 761 δέ
1023 726 1087 767 τινες
1109 701 1295 782 ἐπεισάγουσιν

172 809 266 874 ἄλλους
291 809 363 876 τινὰς
396 810 493 890 λόγους
518 809 553 877 ὡς
582 809 660 876 ὄντας
687 808 783 879 adreci,
816 809 848 870 οὐ
875 815 1047 890 προςῦεκτέον
1074 817 1186 878 ἐκείνους
1216 812 1291 890 παρὰ

170 921 233 987 τοίις
254 927 422 999 φερομένους,
452 923 504 981 εἶσὶ
527 925 555 980 δέ
578 925 604 981 οἱ
627 920 839 998 έπειςφερόμενοι
862 913 948 981 οὗτοι·
981 925 1197 999 συμβουλευτικαί
1209 929 1291 990 ἐννέα,

171 1035 231 1109 περί
256 1033 424 1110 παρασκευῆς
451 1034 615 1109 ῖππομειλών,
650 1034 711 1110 περί
741 1028 912 1108 αὐτονομίας,
942 1031 1101 1099 Σινωπικός,
1133 1031 1293 1106 νησιωτικὸς,

171 1141 310 1220 σ’μμικτοι
331 1150 410 1220 τρεῖς·
444 1140 667 1219 Ἀμφικτυονικὸς,
691 1145 752 1220 περὶ
777 1142 826 1201 τοῦ
852 1143 1025 1218 κατοικισμοῦ
1050 1147 1197 1218 Μιλησίοις.
1235 1150 1292 1201 ἐπι·

171 1254 291 1311 ιλεικτικολ
313 1252 388 1320 ἑπτὰ,
412 1251 647 1330 Κλυταιμνήστρας
669 1251 809 1330 ἐγκώμιον,
833 1251 1002 1325 Πηνελόπης,
1025 1252 1205 1331 Μενεκράτης,
1234 1261 1292 1312 ἐπι-

170 1363 266 1438 τάφιος
292 1371 347 1428 τοῖς
369 1370 395 1421 έν
423 1367 537 1440 Θυραίᾳ,
568 1361 771 1439 Νεοπτόλεμος,
801 1347 953 1440 Παριακός,
983 1368 1127 1442 συνηγορία
1153 1363 1221 1442 πρὸς
1247 1361 1295 1436 την

171 1473 311 1547 ἐπιστολὴν
332 1473 381 1532 τοῦ
404 1471 558 1541 ἐπιστάτου,
582 1475 642 1550 περί
663 1475 712 1531 τοῦ
733 1469 855 1552 έρτυμος,
877 1469 944 1550 ὑπὲρ
967 1479 1106 1549 Τιμοθέου
1128 1472 1297 1551 ἐπιτροπικὸς

170 1585 297 1663 περὶτῆς
324 1581 422 1661 ὑδρίας.
460 1581 598 1659 σύμμικτοι
627 1587 715 1641 πέντε·
753 1586 812 1660 περὶ
844 1588 1016 1658 φιλοσοφίας,
1048 1586 1109 1662 περὶ
1137 1582 1295 1651 Πλάτωνος,

170 1697 231 1773 περί
259 1697 361 1772 ἴριδος,
384 1693 587 1771 προτρεπτικός,
610 1693 763 1771 καταδρομὴ
784 1696 926 1768 σοφιστῶν,
959 1700 1060 1774 λέγεται
1082 1698 1109 1754 ιλὲ
1132 1692 1167 1760 ὧς
1188 1693 1227 1752 ὅτι
1249 1697 1297 1752 καῖ

170 1811 261 1880 τέχνην
281 1804 417 1884 ῥητορικὴν
440 1807 553 1882 ἔγραφε
576 1805 612 1880 τῷ
634 1807 662 1862 δέ
681 1801 770 1881 χρόνῳ
793 1807 880 1878 ἔτυχεν
903 1802 983 1878 αὐτὴν
1005 1801 1168 1865 ἀπολέσθαι.
1191 1812 1245 1882 ἐρεῖ
1265 1807 1296 1864 δέ

170 1941 195 1975 τι
218 1919 275 1981 ςκαί
297 1914 387 1973 πόθεν
410 1917 487 1987 δῆλον
510 1914 549 1972 ὅτι
572 1915 652 1974 τουτο
675 1914 758 1980 οίίτως
780 1917 849 1988 ἕρεις
871 1919 979 1993 λέγομεν
1001 1913 1036 1981 ὡς
1059 1916 1098 1975 ὅτι
1113 1922 1296 1994 Ἀριστοτέλης

172 2024 187 2086 ὃ
209 2023 359 2103 φιλόσοφος
381 2023 541 2104 συναμαμών
563 2029 654 2097 τέχνας
676 2024 817 2104 ῥητορικὰς
838 2024 959 2102 ἐμνήσθη
981 2028 1025 2083 καί
1047 2023 1150 2100 ταύτης.
1160 2029 1182 2101 1)

243 2282 263 2344 ¹)
283 2281 362 2342 Cum,
381 2297 546 2344 quaecunque
565 2283 595 2332 de
614 2283 666 2332 vita
684 2291 709 2332 et
726 2297 843 2333 sermone
860 2283 980 2333 Isocratis
998 2283 1163 2348 proferuntur
1176 2285 1208 2334 ab
1222 2285 1295 2334 Ano-

173 2385 270 2434 nym0,
289 2383 321 2418 ex
338 2368 458 2431 Dionysii
476 2368 575 2431 scriptis
595 2369 746 2432 depromptu
763 2369 815 2418 sint
833 2367 888 2430 (csr.
905 2369 1031 2432 judicium
1050 2370 1081 2418 de
1097 2369 1177 2419 Isocr.
1196 2378 1220 2420 et
1236 2380 1295 2420 vett.

172 2455 258 2518 script.
281 2447 436 2514 censuram),
463 2468 516 2500 uon
539 2454 641 2501 audacis
667 2455 765 2502 videtur
788 2469 854 2514 esse,
880 2455 901 2502 si
924 2455 984 2516 quis
1007 2453 1147 2516 conjecerit-
1168 2457 1244 2504 etiam
1266 2457 1294 2504 in

172 2539 306 2589 efferendis
332 2538 453 2586 Isocratis
476 2537 636 2586 orationibus
665 2540 757 2601 spuriis
782 2540 949 2601 Anonymum
980 2540 1006 2587 in
1034 2540 1155 2590 menibus
1176 2541 1296 2590 habuisse

140 2679 146 2689 ι
171 2625 277 2685 librum,
304 2623 348 2686 qui
367 2623 413 2671 etsi
431 2638 484 2671 uon
502 2623 555 2686 ipse
574 2627 639 2672 'esset
656 2623 843 2686 Dionysianus,
866 2632 950 2673 tamen
973 2624 1005 2672 ad
1024 2627 1202 2675 auctoritatem
1220 2626 1296 2674 Hali-

172 2709 342 2759 carnassensis
361 2708 463 2756 rediret.
499 2709 568 2756 Fons
588 2709 655 2756 enim
674 2709 790 2770 quidam,
810 2724 860 2770 quo
879 2709 1031 2772 Anonymns
1050 2726 1107 2758 usus
1126 2719 1176 2769 est,
1195 2711 1296 2759 similli-

171 2811 226 2844 mus
250 2795 336 2843 debuit
359 2809 412 2843 esse
435 2794 457 2843 ei
476 2808 552 2855 quem
574 2793 663 2841 habuit
681 2793 801 2842 Photius:
826 2801 932 2856 uterque
954 2793 1020 2842 idern
1044 2793 1075 2843 de
1097 2803 1152 2844 erte
1174 2797 1298 2845 Isocratis

121 2887 123 2893 '
171 2881 299 2929 rhetorica
317 2879 402 2928 tradit.
439 2879 500 2929 dem
517 2879 626 2927 Photius
645 2879 744 2927 disertis
761 2878 843 2927 verbis
862 2878 936 2937 dicit,
959 2887 1022 2940 quot
1039 2881 1177 2928 secundum
1195 2880 1296 2944 Diony-

174 2966 239 3014 sium
258 2965 388 3013 orationes
406 2979 463 3013 vere
481 2964 602 3012 Isocratis
626 2964 704 3012 fuisse
727 2964 866 3012 censendae
890 2963 948 3012 sint.
995 2963 1124 3024 Quoniam
1142 2966 1299 3028 Anonymus

171 3052 198 3100 in
222 3050 309 3114 priore
330 3057 401 3112 porte
424 3063 489 3111 quae
512 3049 545 3097 ad
570 3045 682 3102 πίνακας
705 3049 815 3112 pertinet
839 3062 897 3095 curn
918 3048 1013 3096 Photio
1037 3051 1163 3098 consentit
1186 3077 1218 3086 -
1236 3051 1296 3098 scil.

172 3136 203 3184 de
220 3135 341 3183 Isocratis
359 3141 413 3181 arte
436 3133 564 3182 rhetorice
581 3161 611 3169 -
632 3149 665 3183 no
682 3134 709 3182 in
727 3133 885 3182 recensendis
904 3134 1008 3195 quidem
1026 3134 1186 3183 orationibus
1201 3136 1297 3198 spuriis

172 3221 213 3269 iile
240 3219 272 3267 ab
296 3218 384 3267 Photii
410 3219 482 3268 sonte
504 3219 582 3281 longe
607 3219 706 3268 alienus
730 3233 782 3268 esse
806 3218 895 3282 potuit.
944 3217 1027 3267 Credo
1054 3219 1133 3281 igitur
1157 3219 1235 3267 titulis
1257 3220 1298 3269 cis

172 3320 236 3368 quos
263 3305 336 3352 affert
362 3304 513 3366 Anonymus
539 3312 638 3352 servate
665 3319 718 3352 esse
744 3305 818 3352 nobis
845 3303 1012 3368 plurimorum
1036 3318 1124 3352 eorum
1147 3305 1299 3354 orationum

171 3391 277 3439 nomina
295 3403 360 3450 quae
379 3403 410 3436 ex
422 3389 543 3452 Dionysii
561 3404 666 3438 censura
684 3390 716 3438 ab
734 3390 846 3438 Isocrate
864 3388 1051 3451 abjudicandue
1063 3398 1129 3438 sunt.
1155 3391 1191 3437 At
1202 3391 1301 3439 dixerit

171 3476 280 3524 fortusse
303 3473 443 3537 quispiam:
467 3473 510 3522 sac
528 3473 608 3523 addas
626 3474 660 3522 od
681 3475 737 3523 illus
762 3475 892 3523 orationes
914 3473 991 3522 XXV
1013 3475 1137 3537 genuinus
1159 3489 1299 3525 numerum

172 3575 261 3610 eorum
285 3560 433 3607 orationum
456 3557 600 3622 spuriarum
624 3574 689 3621 qnae
717 3560 836 3621 leguntur
860 3559 927 3622 apud
954 3560 1136 3622 Anonymurn,
1162 3575 1214 3608 non
1237 3558 1301 3621 jorn

171 3645 249 3693 habes
273 3643 323 3691 LX
342 3643 482 3702 orationes,
510 3658 573 3706 ques
598 3644 674 3706 vulgo
699 3644 822 3692 Isocratis
848 3645 953 3693 nomine
980 3643 1039 3692 ferri
1066 3651 1153 3692 monet
1178 3644 1302 3696 Photius.

171 3729 250 3789 Sene,
273 3729 316 3777 sed
340 3727 418 3776 verbe
440 3729 495 3791 ipsa
517 3729 561 3776 ille
579 3729 710 3791 Anonymi
734 3729 812 3793 paulo
836 3730 979 3778 accuratius
997 3729 1174 3792 inspiciamus!
1209 3729 1304 3792 Atque

171 3814 247 3862 dicit:
272 3810 488 3874 συμβουλευτικοὶ
507 3811 560 3860 ὲννέ
580 3850 585 3860 .
622 3814 658 3862 At
677 3815 806 3862 orationes
825 3813 1006 3863 deliberativae
1024 3822 1087 3876 quus
1109 3820 1163 3862 turn
1179 3813 1302 3876 singulas

171 3899 246 3948 affort
268 3914 322 3947 non
344 3904 403 3947 sunt
424 3911 482 3946 vere
503 3913 623 3958 novem,
652 3898 694 3947 sed
717 3913 787 3948 sex:
814 3899 834 3947 i.
858 3896 919 3962 περὶ
946 3898 1115 3963 παρασκευῆς
1144 3894 1306 3954 ίππομιὸῶν

171 3981 227 4045 (ubi
240 3999 298 4032 cum
311 3983 425 4047 Suuppio
437 3984 575 4045 legendum
588 3992 624 4032 est
642 3979 838 4049 ἱπποδρόμων),
856 3983 879 4032 2.
899 3985 960 4050 περὶ
978 3979 1152 4042 αὐτονομίας,
1171 3983 1193 4032 3.
1211 3983 1305 4034 Σινω-

171 4064 260 4126 πικός,
278 4067 302 4116 4,
315 4063 480 4131 νησιοιτικός,
501 4067 524 4116 5.
538 4062 767 4130 Ἆμφικτυονικός,
787 4068 810 4118 6,
824 4067 886 4135 περὶ
898 4069 946 4117 τοῦ
960 4069 1130 4127 κατοικισμοῦ
1144 4067 1305 4132 Μιλησίοις,

171 4153 284 4203 Deinde:
308 4150 477 4202 λπιιλιικτικοὶ
495 4149 572 4203 inrui.
608 4154 644 4204 At
666 4163 796 4204 enumeret
819 4156 948 4205 orationes
971 4171 1026 4205 sex
1050 4163 1163 4204 tantum:
1185 4155 1205 4205 l.
1223 4155 1308 4206 Κλυ-
