3042 4790
705 371 916 432 ..18-

250 541 336 600 etinm
361 540 531 601 Callimachi
555 551 702 600 oratorum
726 542 880 600 atticorum
903 543 1027 617 indices,
1055 563 1128 619 quos
1155 544 1179 602 si
1201 562 1262 603 nnn
1284 546 1356 620 ipsos,

249 661 346 710 tamen
379 662 456 710 certe
489 652 531 709 eis
564 652 746 727 propinquos
779 661 808 710 et
839 653 974 726 aequales
1011 653 1124 711 indices
1161 655 1191 711 in
1228 657 1356 731 excerptis

249 763 419 820 etiamnunc
442 771 540 820 extare
564 781 625 820 non
648 762 773 820 feliciter
795 762 915 838 conjicit
930 761 1163 837 Studemundus‚
1186 765 1357 824 Hermecll.

249 892 277 947 p.
301 872 371 930 441.

334 983 498 1060 Dionysius
527 982 700 1042 Callimachi
730 1001 804 1056 opus
834 1002 894 1039 non
924 983 1022 1058 magni
1050 983 1134 1055 fecit3
1165 984 1215 1042 cfr.
1243 987 1278 1042 de
1300 986 1360 1042 Din.

251 1113 274 1151 c.
296 1092 349 1152 XI.
371 1113 399 1168 p.
422 1091 497 1164 661,
521 1094 557 1150 de
579 1093 665 1150 Dem.
688 1111 712 1150 c.
734 1092 819 1149 XIII.
842 1112 869 1166 p.
893 1089 955 1151 994
979 1093 1014 1149 R.

334 1204 451 1278 Fragm.
472 1203 529 1260 Ill.
553 1201 651 1261 Schol.
673 1201 810 1259 Dindorf.
834 1203 870 1258 ed
894 1202 1014 1278 Olynth.
1037 1203 1079 1260 Π.
1101 1202 1178 1262 init:

335 1308 430 1366 τοῦτον
451 1306 498 1366 τὸν
519 1305 601 1385 λόγον
623 1303 764 1371 Διονύσιος
789 1304 931 1384 προτάττει
957 1306 1009 1364 cciv
1031 1303 1215 1368 ’(ὶλυνθιακῶν
1242 1305 1364 1386 ιίργοντιίς

1495 933 1506 964 ἱ

248 1422 278 1476 τὲ
304 1441 376 1483 τινας
401 1422 552 1497 καταλέγων
577 1419 621 1474 καί
648 1423 675 1475 ἐκ
700 1416 749 1475 τοῦ
775 1420 919 1493 προοιμίου
944 1414 1119 1493 πιστούμενος
1151 1420 1177 1476 ὲκ
1203 1425 1365 1498 περιχαρείας

250 1533 407 1602 ληφθέντος.
419 1529 442 1605 ¹)

335 1645 451 1720 Fragm.
473 1644 527 1701 IV.
551 1642 647 1701 Schol.
670 1641 807 1698 Dindorf.
830 1642 868 1698 ad
891 1641 1019 1717 Philipp.
1041 1643 1066 1700 Ι.
1088 1644 1111 1709 ἕ.
1134 1640 1189 1701 3οι

565 1747 661 1805 teleta
675 1771 754 1822 φησιν
769 1745 910 1811 Διονύσιος
932 1745 947 1806 ὃ
966 1745 1167 1826 Ἁλικαρνασεὺς
1185 1752 1275 1826 ἑτέρου
1289 1747 1368 1828 λόγου

252 1857 318 1918 εἶναι
340 1855 433 1937 ἀρχήν·
461 1862 602 1936 προοίμιον
628 1859 668 1924 δὲ,
696 1861 786 1932 φησίν,
816 1853 863 1915 οὖν
892 1860 954 1930 ἔχει,
983 1856 1070 1930 ἐπειδὴ
1098 1860 1279 1938 ὄευτερολογία
1301 1863 1369 1918 ἐστίν

335 2087 453 2160 Fragm.
476 2085 510 2142 V.
531 2083 674 2142 Libanius
697 2103 724 2159 p.
748 2081 825 2141 769:

337 2189 477 2254 Διονύσιος
508 2190 536 2246 δὲ
567 2185 581 2246 ὃ
611 2184 811 2265 Ἁλικαρνασεὺς
841 2184 873 2246 οὗ
908 2190 1009 2261 δέχεται
1038 2187 1149 2252 τούτους
1179 2187 1242 2253 τοὺς
1277 2186 1373 2268 λόγους

251 2301 330 2374 (κατοί
347 2303 568 2378 Ἀριστογείτονος
582 2296 616 2354 ,α’
640 2312 668 2361 et
691 2296 726 2374 (i)
750 2303 943 2374 Δημοσθένους
965 2305 992 2356 εἰι
1013 2299 1059 2370 τῆς
1077 2299 1148 2362 ίὸέας
1161 2297 1373 2376 τεκμαιρόμενος.

251 2416 377 2474 Plotius
400 2416 469 2473 einr.
493 2415 557 2471 eod.
581 2413 724 2498 cccxv.
747 2434 775 2489 p.
798 2413 853 2472 rer
882 2395 927 2471 A':

339 2521 401 2578 Εἰσί
423 2522 449 2578 δὲ
473 2520 501 2578 οἳ
521 2521 565 2576 καί
591 2518 654 2584 τοίς
676 2517 724 2576 δύο
750 2517 818 2575 κατὰ
840 2522 1062 2596 Ἀριστογείτονος
1088 2515 1124 2582 ὡς
1150 2517 1254 2582 νόθους
1280 2544 1377 2597 παρα-

251 2629 410 2710 γράφονται.
441 2626 494 2687 ἀλλ’
526 2621 599 2688 οὗτοι
625 2631 669 2686 καί
692 2626 826 2706 ὀρφανοὺς
849 2625 945 2692 αὖτοὺς
968 2625 1076 2702 ἀφιᾶσιν
1099 2625 1147 2686 οὐκ
1170 2631 1273 2701 iporeae
1294 2631 1382 2688 εἰπεῖν

252 2741 314 2806 τοὺς
335 2739 457 2806 τεκόντας
479 2731 516 2798 ὧν
538 2736 573 2804 εἷς
594 2745 686 2818 γέγονε
707 2741 752 2796 καί
774 2737 915 2802 Διονύσιος
938 2735 952 2796 ὁ
972 2735 1192 2816 Ἁλικαρνασσεὺς
1214 2735 1290 2797 οὐδὲν
1306 2745 1383 2818 μέγα

252 2849 389 2928 τεκμήριον
410 2853 455 2923 τῆς
477 2851 543 2916 ittae
563 2847 722 2926 ὑπολήψεως
743 2847 923 2926 παρεχόμενος
946 2844 1006 2906 οὐδ’
1037 2855 1117 2907 ἐκεῖνο
1144 2849 1255 2907 συνιδεῖν
1277 2849 1383 2923 ἐθελή-

253 2983 305 3025 σας
326 2958 360 3026 cic
382 2961 470 3036 πολλῷ
491 2965 582 3036 μείζων
605 2961 675 3018 ἐστίν
696 2957 762 3037 ἥπερ
789 2957 804 3032 ἦ
832 2963 930 3018 ἐκείνου
952 2955 1089 3033 ἀπόφασις
1112 2955 1192 3023 αὐτὸς
1215 2956 1229 3017 ὃ
1252 2965 1385 3036 Ἀριστο-

252 3075 343 3150 γείτων
365 3067 537 3148 ἆνομολογών
561 3075 739 3146 Δημοσθένην
760 3065 815 3126 κατ’
842 3066 924 3128 αὐτοῦ
945 3073 1115 3148 γεγραφέναι.
1128 3071 1149 3141 ³)

338 3187 454 3262 Fragm.
479 3187 528 3244 VI.
550 3187 639 3244 Dion.
663 3186 730 3242 Hal.
753 3187 789 3242 de
812 3185 963 3242 Dinarcho
986 3203 1052 3274 cap.
1070 3184 1121 3241 XI.
1144 3204 1171 3260 p·
1195 3183 1273 3244 656:

323 3427 344 3490 ¹)
362 3433 476 3493 Apparet
498 3429 611 3476 ordinem
630 3429 846 3493 ‘Olynthiacarum
874 3444 889 3476 a
911 3428 1037 3492 Dionysio
1061 3429 1171 3490 primum
1194 3427 1221 3475 in
1245 3429 1325 3490 epist.
1356 3431 1395 3478 ad

252 3516 336 3563 Amm.
360 3514 378 3562 I.
402 3514 419 3561 4
442 3514 601 3581 propositum
619 3509 655 3575 (pl
675 3509 696 3574 γ’
716 3509 754 3573 α’)
776 3513 826 3561 hoc
848 3513 905 3561 loco
926 3513 1002 3562 etiam
1028 3513 1108 3561 fusius
1130 3513 1287 3574 explicatum
1319 3529 1397 3564 esse.

253 3601 299 3648 cfr.
317 3601 399 3648 Blass.
419 3599 449 3647 de
466 3599 552 3661 script.
572 3599 633 3647 rhet.
653 3615 677 3662 p.
698 3599 729 3648 ll
748 3606 772 3647 et
791 3598 819 3647 C.
838 3597 865 3645 F.
883 3598 1014 3646 Rankium
1035 3599 1062 3645 in
1080 3598 1211 3661 encyclop.
1229 3597 1349 3647 Halens.
1371 3615 1396 3648 s.

252 3684 273 3732 1.
293 3685 341 3732 vol.
360 3683 457 3732 XXIV.
476 3701 500 3747 p.
520 3683 559 3732 93.

323 3766 345 3829 2)
363 3769 535 3832 Philippieam
560 3769 738 3818 llemoslhenis
755 3768 777 3816 1.
796 3768 919 3830 disjunxit
936 3769 1075 3832 Dionysius
1097 3768 1124 3815 in
1148 3769 1211 3816 duas
1235 3769 1402 3830 orationem

208 3845 211 3851 ’
255 3853 292 3914 §§.
315 3851 395 3900 1—29
415 3861 439 3900 et
457 3851 495 3914 ἓξ.
514 3852 623 3912 30-51,
639 3853 693 3916 jam
711 3854 737 3901 in
756 3853 826 3915 epist.
847 3853 879 3900 ad
898 3853 982 3900 Amm.
1001 3853 1020 3900 I.
1040 3867 1111 3916 capp.
1131 3851 1169 3899 IV
1188 3860 1212 3900 et
1228 3853 1262 3900 X.

323 3933 343 3999 3)
368 3937 414 3985 cfr.
438 3937 557 4001 Dionysii
583 3939 613 3985 de
636 3938 710 3986 Dem.
734 3953 781 4000 cap
814 3937 845 3984 57
870 3953 928 3986 cum
951 3939 985 3986 eis
1008 3953 1073 3999 quae
1096 3943 1162 3986 recte
1184 3937 1338 4000 disputavit
1366 3942 1407 3988 de

252 4023 297 4071 illo
315 4023 373 4070 loco
391 4021 546 4070 Schmidtius
564 4023 589 4069 in
609 4037 706 4071 excurs.
720 4023 752 4070 nd
766 4023 889 4071 Dinarch.
905 4039 928 4086 p.
949 4021 1014 4083 108;
1034 4032 1145 4071 ceterum
1164 4038 1268 4084 prorsus
1293 4026 1409 4074 eadem

254 4108 344 4166 verba,
370 4122 435 4169 quac
461 4107 597 4166 Libanius,
627 4107 704 4156 habet
728 4107 836 4169 Gregor.
860 4109 976 4156 torintlr.
1002 4109 1042 4155 W.
1067 4108 1140 4155 rhctt.
1169 4123 1207 4170 gr.
1237 4109 1295 4156 vol.
1334 4110 1410 4158 VII.

254 4208 279 4254 p.
301 4191 371 4239 1318.
