3042 4790
672 324 881 383 -40-

447 598 552 695 Ὑπὲρ
577 604 642 698 τῆς
661 603 846 698 πολιτικῆς
872 603 1100 702 φιλοσοφίας.

303 799 472 874 Antequam
497 802 534 858 ad
557 800 835 859 commentationem
859 800 895 856 de
911 799 1085 876 Thucydide
1107 820 1262 878 aggressus
1284 812 1330 874 est,

219 909 373 983 scripserat
402 909 566 987 Dionysius
596 911 726 968 libellum
757 900 825 980 tinio
855 902 900 976 τῆς
929 904 1061 977 πολιτικῆς
1092 909 1269 984 φιλοσοφίας,
1299 915 1330 970 ‹le

219 1019 353 1094 Thucyd.
376 1039 398 1077 c.
414 1020 454 1077 H.
479 1040 506 1095 p.
524 1017 600 1079 814:
622 1017 666 1072 καί
689 1011 812 1090 οὐδεμίαν
834 1013 977 1080 ἐκδεδωκὼς
998 1015 1104 1094 γραφὴν
1122 1023 1149 1074 ἐν
1167 1007 1332 1095 ᾗκατηγορῶ

218 1147 287 1188 τινος
309 1126 359 1189 ἔξω
379 1125 441 1200 μιᾶς
461 1129 642 1204 πραγματείας
663 1121 695 1197 ἢν
717 1121 896 1200 συνεταξάμην
916 1121 983 1202 ὑπὲρ
1006 1125 1050 1197 τῆς
1071 1111 1203 1198 πολιτικῆς
1224 1131 1332 1200 φιλοσο-

218 1237 281 1307 φίας
306 1233 374 1310 πρὸς
399 1232 462 1298 τοίις
487 1240 695 1312 κατατρέχοντας
722 1232 801 1307 αὐτῆς
828 1230 927 1298 ἀδίκως.
973 1239 1055 1314 Quae
1083 1241 1169 1299 fuerit
1191 1241 1333 1318 Dionysio

218 1344 350 1414 πολιτικῆς
364 1349 526 1420 φιλοσοφίας
540 1351 637 1423 notio,
657 1351 720 1425 ipse
735 1351 850 1425 saepius
866 1350 1059 1425 significavit:
1083 1352 1118 1408 de
1133 1352 1223 1409 Isocr.
1244 1371 1267 1410 c.
1282 1353 1333 1410 IV.

218 1479 245 1532 p.
262 1457 337 1531 543,
359 1479 382 1518 c.
398 1460 467 1518 XII.
490 1479 516 1534 p.
534 1458 604 1532 558,
628 1461 711 1534 epist.
734 1461 771 1517 ud
795 1461 900 1535 Pomp.
924 1479 947 1518 c.
962 1459 1021 1518 VI:
1035 1480 1063 1535 p.
1079 1459 1149 1519 784.
1182 1460 1333 1536 Quodcum

218 1569 381 1628 rhetoricae
411 1570 506 1644 primo
537 1571 602 1628 loco
630 1571 776 1628 adversati
803 1569 863 1628 sint
883 1570 1037 1645 Epicurei,
1066 1571 1097 1628 in
1130 1591 1181 1629 eos
1212 1573 1334 1630 maxime

218 1678 393 1756 Dionysium
421 1681 569 1738 invectum
603 1699 665 1738 esse
695 1682 752 1738 hoc
781 1680 858 1738 libro
890 1681 987 1738 denuo
1019 1689 1119 1739 monet
1140 1682 1271 1740 Blassius
1301 1684 1335 1742 de

217 1788 313 1862 script.
336 1791 409 1847 rhet.
432 1810 458 1864 p.
481 1788 535 1864 23,
567 1791 640 1848 vidit
663 1791 724 1865 jam
748 1790 902 1849 Fabricius
924 1791 955 1846 in
978 1791 1113 1850 biblioth.
1139 1793 1193 1850 IV.
1216 1809 1244 1866 p.
1267 1791 1336 1852 400.

216 1927 258 1938 -
281 1899 351 1956 Non
374 1899 562 1978 intelligitur,
594 1901 743 1974 quomodo
775 1901 837 1959 fieri
867 1900 1009 1976 potuerit,
1042 1909 1081 1986 ut
1100 1901 1230 1960 Blassius
1259 1902 1336 1973 inde,

213 2009 297 2082 quod
319 2011 481 2085 Dionysius
503 2010 533 2067 in
554 2011 618 2086 jud.
641 2011 678 2068 de
700 2011 792 2068 Thuc.
815 2010 882 2068 illus
904 2009 971 2066 libri
997 2002 1064 2084 ὑπὲρ
1090 2005 1135 2078 τῆς
1161 2012 1219 2066 πολ.
1247 2012 1334 2082 φιλσσ.

217 2129 249 2176 ιιι
271 2120 371 2194 scripti
394 2129 423 2178 et
445 2121 515 2178 editi
538 2120 633 2196 operis
656 2121 834 2179 mentionem
858 2121 939 2193 fecit,
970 2121 1101 2179 libellum
1124 2123 1240 2198 poulo
1269 2132 1336 2182 unte

217 2237 369 2288 tractatum
393 2233 429 2288 de
451 2233 544 2290 Thuc.
567 2231 759 2307 compositum
785 2232 955 2306 editumque
980 2251 1043 2290 esse
1066 2232 1239 2308 conjecerit3
1270 2234 1336 2292 vide

219 2340 312 2398 Bloss.
336 2341 372 2399 de
394 2341 493 2416 script.
515 2363 542 2417 p.
566 2341 615 2402 30.

304 2451 421 2528 Fregm.
453 2453 566 2510 XXIII.
596 2453 686 2529 Diog.
714 2455 811 2512 Laert.
841 2453 877 2510 X.
911 2473 939 2510 n.
963 2451 996 2526 3,
1027 2453 1095 2511 edit.
1125 2454 1341 2514 Hiibnerianae

218 2562 275 2618 vol.
298 2561 338 2618 ΙΙ.
362 2581 387 2637 p.
411 2560 473 2621 439
497 2572 526 2621 et
547 2583 624 2638 seq.:

303 2665 428 2745 Διότιμος
450 2669 478 2727 δὲ
501 2665 516 2726 ὃ
544 2667 654 2734 στωικός
680 2669 806 2745 δοςμενῶς
828 2671 893 2741 ἔχων
914 2668 983 2746 πρὸς
1014 2665 1096 2728 αὐτὸν
1117 2706 1159 2713 -—
1179 2666 1342 2748 Ἐπίκουρον

216 2813 259 2819 -
280 2775 415 2855 πικρότατ’
446 2775 528 2837 αὐτόν
553 2781 730 2856 διαβέβληκεν,
762 2778 901 2844 ἐπιστολὰς
923 2784 1010 2857 φέρων
1036 2777 1196 2852 πεντήκοντα
1224 2775 1343 2858 ἆσελγεῖς

218 2883 252 2950 ὧς
276 2883 433 2965 Ἐπικούρου
462 2891 506 2947 καί
532 2888 566 2946 τὰ
595 2891 631 2954 εἷς
658 2887 818 2966 Χρύσιππον
845 2886 1029 2967 ἀναφερόμενα
1051 2887 1187 2948 ἐπιστόλια
1210 2886 1244 2954 ὦς
1263 2884 1342 2948 Ἐπι-

258 2995 264 3012 '
411 2996 417 3014 ¹
512 2995 519 3015 ³
561 2997 565 3015 ¹
631 3001 639 3022 ι
678 3003 687 3021 e
760 3002 769 3023 ι
900 2999 906 3016 ι
1005 2999 1011 3018 ι
1138 2998 1143 3017 ι
1220 3001 1229 3022 ι
1318 2998 1326 3017 ι

217 3021 316 3074 440419ου
338 3003 480 3067 συνῒαξας,
505 3004 570 3056 ἅλλα
594 3025 639 3056 uat
661 3025 688 3058 θίι
709 3024 769 3078 περὶ
782 3003 962 3059 Ποσείδωνίθν
983 3023 1031 3058 102¹
1052 3024 1163 3059 otwtuov
1184 3024 1229 3056 καί
1251 3010 1343 3058 Νίκθ-

218 3216 235 3272 rii
257 3223 312 3276 ἐστι
333 3220 394 3295 περὶ
414 3219 459 3292 τῆς
479 3218 530 3288 κδ’,
558 3223 602 3278 καὶ
629 3219 769 3286 Διονύσιος
796 3219 1062 3300 όἉλικαρνασσεός,
1089 3225 1134 3280 καὶ
1159 3220 1212 3300 γὰρ
1234 3219 1283 3279 σίιν
1306 3221 1345 3297 τῇ

216 3329 293 3404 μητρί
322 3325 444 3406 περιιόντ’
479 3326 560 3388 αὐτὸν
582 3339 607 3396 ἐς
636 3331 670 3388 τό
698 3334 791 3390 οἰκίδια
817 3331 979 3410 καθαρμοὺς
1006 3328 1191 3410 ἀναγινώσκειν
1217 3333 1261 3388 καὶ
1289 3330 1349 3389 σὺν

216 3438 252 3512 τι]
278 3441 360 3517 πατρί
387 3437 530 3518 γράμματα
558 3440 687 3501 διδάσκειν
712 3443 815 3520 λοπροῦ
841 3465 910 3506 τινος
931 3447 1092 3520 μισθαρίου,
1125 3439 1190 3501 ἀλλὰ
1216 3442 1261 3498 καί
1288 3441 1352 3500 τῶν

217 3543 335 3624 ἀδελφῶν
357 3551 401 3609 ἕνα
423 3551 618 3632 προαγωγείαν
639 3557 755 3628 Λεοντίῳ
776 3576 804 3610 τε
826 3559 939 3611 συνεῖναι
960 3552 992 3630 τῇ
1014 3555 1111 3631 ἑταίρᾳ.
