3042 4790
587 337 798 400 ,39-

153 507 177 566 o?
198 509 308 581 τέμνουσι
332 505 378 561 καί
403 501 498 562 κάουσι
523 503 557 561 τά
583 505 766 581 διεφθαρμένα
791 502 840 563 τοῦ
867 501 1002 580 σε’ματος,
1034 506 1082 568 ἓως
1093 507 1118 583 1)
1146 503 1253 581 βάθους

154 615 182 674 τά
201 612 315 692 καυτήρια
337 615 383 671 καὶ
404 610 450 678 τάς
475 611 557 690 τομάς
583 619 718 692 φέροντες,
750 610 812 674 οὐδέ
837 613 890 672 τῶν
915 611 1088 692 ὑγιαινόντων
1113 617 1159 672 καὶ
1184 614 1253 673 κατά

149 724 218 802 φάσιν
236 723 345 798 ἐχόντων
367 720 563 800 στοχαζόμενοι.
585 723 736 789 ,Τοιοῦτος
756 728 803 802 μέν
825 723 856 798 δη’
878 747 916 790 τις
939 722 953 784 ὃ
976 723 1160 804 πραγματικ“ς
1184 734 1251 784 Θεο-

148 833 246 912 πόμπου
262 832 407 912 χαρακτήρ.

216 943 246 1012 Ὁ
275 947 303 1003 δέ
331 942 444 1009 λεκτικὸς
470 939 616 1022 Ἰσοκράτει
644 943 745 1021 μάλιστ’
779 947 853 1004 έόικτ.
905 943 1032 1024 Καθαροί
1061 969 1088 1004 τε
1099 949 1121 1019 2)
1153 944 1206 1024 γάρ
1236 943 1252 1018 ἦ

146 1062 206 1124 λέξις
223 1056 264 1114 καί
285 1053 359 1128 κοινὴ
380 1056 425 1112 καί
446 1052 534 1129 σαφὴς
557 1051 642 1132 ὑψηλή
663 1079 691 1113 τε
713 1057 756 1112 καί
776 1055 978 1134 μεγαλοπρεπὴς
999 1057 1044 1114 καί
1065 1055 1097 1114 τὸ
1119 1053 1254 1131 πομπικὸν

146 1171 234 1242 ἔχουσα
255 1163 338 1236 πολὺ,
362 1169 513 1243 συγκειμένη
535 1189 562 1223 τε
584 1163 652 1222 κατά
674 1163 720 1238 τὴν
740 1170 822 1242 μέσην
844 1161 972 1243 ἆρμονίαν
997 1163 1078 1239 ἡδέως
1100 1168 1144 1224 καί
1164 1171 1251 1242 μαλα-

144 1277 189 1342 κῶς
213 1280 317 1356 ῥέουσα.
368 1273 520 1332 Διαλλάττει
551 1277 578 1332 δέ
605 1273 649 1348 τῆς
672 1269 853 1353 Ἰσοκρατείου
883 1273 952 1333 κατά
972 1275 1018 1349 τὴν
1044 1274 1187 1353 πικρότητα
1209 1277 1254 1334 καὶ

143 1387 188 1447 τόν
205 1384 280 1446 τόνον
302 1381 340 1444 ἐπ’
366 1389 449 1452 ἐνίων,
475 1383 540 1443 όταν
562 1390 689 1463 ἐπιτρέψῃ
711 1393 766 1451 τοῖς
788 1385 905 1454 πάθεσι,
928 1385 1042 1463 μάλιστα
1058 1383 1085 1444 δ’
1105 1386 1169 1445 ὅταν
1185 1383 1252 1444 ὀνει-

142 1501 192 1575 δίζῃ
218 1494 325 1556 πόλεσιν
354 1491 370 1568 ἢ
402 1501 558 1574 στρατηγοῒς
587 1495 691 1576 πονηρά
723 1495 888 1574 βουλεύματα
922 1499 967 1554 καί
1001 1495 1109 1574 πράξεις
1140 1493 1253 1562 ἀδίκους.

139 1605 224 1673 Πολές
248 1605 336 1685 γὰρ3)
367 1611 394 1664 ἐν
419 1603 523 1670 τούτοις
548 1607 593 1663 καί
620 1605 666 1679 της
695 1612 890 1682 Δημοσθένους
921 1604 1067 1679 δεινότητος
1098 1601 1159 1666 οὐδὲ
1185 1603 1254 1664 κατά

137 1717 224 1798 μικρὸν
246 1717 376 1794 διαφέρει,
408 1713 444 1781 ὦς
469 1720 499 1783 ἐξ
528 1713 610 1774 άλλων
643 1717 748 1775 πολλῶν
775 1714 807 1774 άν
833 1739 871 1782 τις
904 1719 958 1776 ίδοι
992 1714 1042 1774 κάκ
1067 1718 1119 1775 τῶν
1148 1716 1255 1774 Χιακῶν

136 1827 276 1888 ἐπιστολῶν
297 1823 335 1892 οἷς
360 1823 398 1903 τῷ
418 1872 424 1884 .
445 1871 451 1883 .
474 1872 480 1884 .
501 1827 540 1904 st)
572 1829 700 1902 πνέυματι
722 1832 865 1905 ἐπιτρέψας
885 1833 1024 1906 γέγραφεν.
1070 1827 1104 1886 Εἰ
1126 1823 1151 1884 δ’
1175 1824 1254 1905 ὑπερ-

134 1941 197 1998 εῖδεν
223 1944 252 1997 ἐν
280 1935 396 2004 τούτοις,
429 1933 468 2012 ἐφ’
503 1931 542 2001 οἷς
571 1933 672 2013 μάλιστ’
707 1937 866 2006 ἐσπούδακε,
897 1937 943 2010 τῆς
971 1961 1000 1996 τε
1031 1939 1182 2014 συμπλοκῆς
1202 1939 1255 1995 τῶν

132 2053 284 2126 φωνηέντων
297 2045 459 2127 γραμμάτων
480 2049 526 2105 καί
545 2046 591 2121 τῆς
612 2047 727 2121 κυκλικῆς
749 2045 897 2127 εὐρυθμίας
921 2047 974 2108 τῶν
995 2047 1124 2126 περιόδων
1145 2047 1256 2119 κοίτης

132 2158 276 2237 ὁμοειδείας
301 2157 354 2216 τῶν
380 2157 579 2234 σχηματισμῶν,
611 2155 680 2216 πολὺ
707 2155 816 2234 ἀμείνων
845 2155 877 2216 ι’ίν
902 2149 934 2232 ἦν
962 2154 1042 2224 αὐτὸς
1068 2157 1165 2217 ἑαυτοῦ
1187 2155 1256 2215 κατά

127 2269 173 2344 τὴν
196 2262 305 2346 φράσιν,
346 2263 419 2327 ’Ἐστι
440 2265 466 2326 δ’
490 2266 507 2326 έί
529 2271 575 2326 καὶ
596 2267 664 2326 κατά
685 2267 732 2326 τὸν
758 2267 942 2347 πραγματικόν
967 2266 1088 2347 τάπονὸ)
1112 2265 1256 2346 ἁμαρτάνει

123 2383 165 2438 καί
192 2377 312 2456 μάλιστα
338 2377 406 2435 κατὰ
432 2378 481 2444 τάς
506 2377 679 2456 παρεκβολάς.
736 2376 802 2437 Οίίτε
827 2379 881 2458 γάρ
909 2377 1052 2460 ἀναγκαῖαί
1077 2401 1143 2440 τινες
1171 2375 1258 2437 αὐτῶν

122 2487 176 2550 οὔτ’
204 2497 231 2548 ἐν
254 2489 339 2567 καιρῷ
360 2487 523 2567 γιγνόμεναι,
547 2488 616 2547 πολὺ
638 2491 666 2548 δέ
687 2485 718 2547 τὸ
747 2491 887 2555 παιἊώδες
913 2495 1097 2566 ἐμφαίνουσαι.
1143 2485 1186 2546 Ἐν
1216 2485 1257 2553 αἷς

120 2609 177 2659 ἐστι
199 2602 247 2658 καὶ
269 2598 304 2656 τά
327 2601 387 2676 περί
408 2598 535 2673 Σειληνοῧ
557 2598 606 2658 τοῦ
627 2604 755 2674 φανέντος
777 2607 804 2658 έν
826 2601 983 2674 Μακεδονίᾳ
1004 2601 1049 2656 καί
1069 2601 1104 2656 τὰ
1126 2601 1186 2678 περὶ
1206 2599 1256 2657 τοι]

117 2709 274 2789 δράκοντος
294 2708 344 2767 τοῦ
366 2707 630 2786 διαναυμαχήσαντος
650 2707 718 2787 πρὸς
740 2708 786 2784 τὴν
807 2707 909 2790 τριήρη,
935 2706 991 2768 ἀλλ’
1018 2706 1065 2768 σι’νκ
1081 2705 1148 2788 ὀλίγ’
1174 2708 1256 2785 ὃμοια

115 2819 237 2886 τούτοις.
280 2810 363 2878 Οὗτοι
384 2817 414 2891 δὴ
436 2825 659 2896 παραληφθέντες
681 2821 708 2878 οἱ
730 2827 890 2899 συγγραφεῖς
913 2817 1057 2898 ἀρκέσουσι
1071 2825 1126 2884 τοῖς
1142 2817 1257 2877 ἀσκοῦσι

113 2931 162 2990 τόν
187 2927 333 2989 πολιτικὸν
354 2927 435 3009 λόγον
462 2927 587 3008 ἀφορμάς
613 2933 770 3004 ἐπιτηδείους
796 2929 1017 3010 παραδειγμάτων
1043 2937 1192 3009 παρασχεῖν
1220 2929 1256 2994 εἷς

111 3041 240 3101 ἅπασαν
265 3041 346 3098 ἰδέαν.
369 3077 411 3086 —·-

187 3314 209 3380 ¹)
231 3317 425 3367 Ambrosianus
444 3311 488 3371 ἕως
505 3311 625 3377 βάθους,
645 3317 736 3380 reliqui
754 3317 869 3366 codices:
888 3309 920 3370 ὥς
938 3309 1052 3377 βάθους.

182 3400 211 3463 ²)
233 3418 268 3449 τε
287 3417 352 3450 unus
370 3401 448 3450 habet
464 3402 659 3450 AmbrosianuS.

181 3483 208 3550 ³)
231 3486 436 3536 Herwerdenius
454 3486 575 3548 conjecit,
595 3487 664 3550 quod
682 3501 735 3534 non
754 3501 818 3550 opus
838 3491 886 3547 est,
904 3481 946 3554 ῥεῖ
963 3485 1108 3535 addendum
1128 3501 1191 3535 esse.

178 3571 209 3636 ⁴)
231 3572 307 3622 Cod.
321 3571 506 3621 Ambrosianus
524 3571 634 3636 spatium
648 3587 757 3622 vacuum
767 3572 869 3635 reliquit
878 3587 971 3622 novem
981 3573 1034 3622 fere
1043 3573 1185 3622 litterarum
1201 3565 1255 3633 (H.)

180 3656 210 3718 ⁵)
235 3655 368 3707 Codices:
387 3651 479 3704 τόπον.
