3042 4790
697 323 907 384 „ffi-

243 491 271 547 δέ
294 483 390 567 όλίγοις
412 491 458 545 καί
479 511 531 545 τισι
552 488 597 545 καί
623 492 723 560 τέχναις
750 495 804 554 τοῖς
830 490 857 546 δέ
883 492 999 548 πλείοσιν
1022 491 1239 564 ἐπιδεικτικοῖς-1)
1268 493 1312 566 τῆς
1334 494 1360 550 δὲ

242 600 313 663 ἰδέας
343 594 426 656 αύτού
457 597 509 656 τῶν
537 594 623 676 λόγων
652 599 775 663 τοιοῦτος
804 595 819 657 ὃ
842 597 991 677 χαρακτήρ·
1020 599 1167 679 ἐγκωμιάζει
1196 603 1223 660 δὲ
1249 601 1311 666 τούς
1335 605 1360 660 έν

242 712 367 784 πολέμοις
401 703 608 785 ἆριστεύσαντας
642 710 832 782 Ἀθηναίωνῖ)
894 713 927 766 Τί
959 708 1011 788 γὰρ
1049 706 1119 782 &miv
1154 718 1209 776 τοῖς
1251 710 1360 788 ιίνδριίσι

241 816 346 883 τούτοις
375 808 412 876 ῶν
449 819 489 876 δεῖ
519 814 631 895 όνδρόσι
665 825 819 895 προσείναις
856 823 883 876 τί
909 821 936 878 δέ
975 822 1019 877 καί
1056 822 1160 898 προσῆν
1191 813 1227 880 ῶν
1262 818 1293 880 ού
1325 825 1363 880 δεῖ

241 936 380 1008 προσεῖναι
387 955 396 998 ,·
417 929 498 986 εἰπεῖν
520 929 643 1005 δυναίμην
664 925 682 986 δ
705 925 846 1005 βούλομαι,
876 932 1016 1007 βουλοίμην
1038 926 1065 986 δ’
1089 928 1106 988 ύί
1128 934 1177 1000 δεῖ,
1200 931 1295 990 λαθών
1315 937 1362 1008 μέν

242 1039 289 1114 τίγν
309 1043 391 1098 θείαν
412 1043 525 1115 νέμεσιν,
556 1037 648 1117 φυγῶν
674 1039 701 1096 δὲ
723 1037 770 1096 τὸν
792 1035 965 1115 ἀνθρώπινον
991 1039 1107 1114 φθόνον.
1137 1033 1211 1100 οὗτοι
1232 1041 1284 1119 γὰρ
1307 1047 1360 1100 έκέ-

242 1174 335 1222 κτηντο
358 1151 455 1208 ἔνθεον
476 1153 525 1225 μέν
545 1147 591 1220 τὴν
614 1144 718 1225 ἆρετὴν,
748 1144 921 1224 ἀνθρώπινον
944 1152 971 1208 δέ
986 1150 1017 1208 τὸ
1032 1149 1146 1224 θνητόν,
1170 1151 1255 1209 πολλὰ
1269 1157 1316 1228 μέν
1330 1151 1362 1223 δὴ

242 1259 273 1319 τό
296 1260 384 1337 πρᾷον
406 1263 512 1324 ἐπιεικές
534 1259 582 1317 τού
605 1255 745 1324 αύθοίδους
767 1261 868 1317 δικαίου
889 1264 1084 1336 προκρίνοντες,
1115 1261 1200 1318 πολλὰ
1227 1264 1255 1320 δέ
1277 1260 1363 1338 νόμου

243 1368 373 1447 ἀκριβείας
387 1367 472 1448 λόγων
487 1365 627 1445 ὀρθότητα
641 1369 897 1450 τούτουκνομίζοντες
908 1368 1051 1428 θειότατον
1065 1372 1108 1427 καί
1118 1369 1270 1429 κοινότατον
1279 1370 1363 1448 νόμον

242 1481 274 1540 τὸ
297 1483 356 1540 δέον
371 1487 397 1538 ἐν
418 1481 454 1555 τῷ
476 1481 559 1537 δέοντι
581 1481 625 1536 καί
646 1483 728 1556 λέγειν
750 1481 795 1536 καί
816 1481 894 1559 σιγιὶν
915 1482 960 1537 καί
978 1487 1062 1539 ποιεῖν
1083 1482 1128 1539 καὶ
1149 1481 1195 1539 ἐᾶν
1215 1483 1259 1539 καί
1282 1481 1363 1540 δισσὰ

243 1590 403 1663 ἀσκήσαντες
416 1587 531 1666 μάλιστα
546 1579 582 1647 ῶν
597 1590 645 1656 δεῖ,
668 1588 772 1667 γνώμην
786 1592 830 1647 καί
844 1588 932 1668 ῥώμην
947 1587 992 1661 τὴν
1012 1595 1060 1667 μέν
1084 1589 1250 1666 βουλεύοντες
1272 1591 1318 1663 τὴν
1333 1594 1361 1650 δέ

243 1701 442 1768 ἀποτελοῦντες,
468 1697 633 1776 θεράποντες
653 1705 701 1776 μέν
722 1701 774 1758 τῶν
797 1697 889 1765 ἀδίκως
910 1699 1104 1774 δυςτυχούντων
1124 1703 1252 1760 κολασταὶ
1267 1703 1295 1759 δὲ
1310 1703 1364 1759 τῶν

243 1811 336 1878 αἰδίκως
356 1808 545 1885 εὐτυχούντων,
579 1805 709 1874 αὐθάδεις
730 1809 800 1888 πρὸς
827 1809 858 1868 τὸ
886 1816 1033 1888 συμφέρον,
1064 1807 1201 1889 εὐόργητοι
1232 1810 1300 1889 πρὸς
1331 1812 1363 1870 τὸ

242 1929 353 2002 πρέπον,
368 1921 404 1998 τῷ
419 1925 537 2000 φρονίμῳ
551 1921 596 1992 τῆς
609 1918 712 1998 γνώμης
726 1919 855 1985 παύοντες
873 1919 904 1979 τό
921 1917 1008 1998 ι’ίφρον
1021 1923 1066 1993 τῆς
1080 1919 1173 1999 ῥώμης,
1189 1919 1312 1999 ὑβρισταί
1327 1924 1364 1987 είς

242 2033 306 2098 τούς
320 2029 457 2110 ύβριστάς,
480 2029 586 2107 κόσμιοι
601 2030 637 2095 εἷς
651 2031 713 2095 τούς
727 2035 859 2106 κοσμίους,
877 2028 975 2107 ῶφοβοι
996 2032 1033 2095 είς
1051 2031 1113 2096 τούς
1128 2029 1259 2108 ἀφόβους,
1283 2035 1365 2091 δεινοὶ

243 2151 271 2203 ἐν
284 2150 339 2208 τοῖς
354 2145 452 2206 δεινοῖς.
466 2139 597 2219 μαρτύρια
612 2133 640 2198 δέ
655 2139 754 2200 τούτων
768 2138 885 2218 τρόπαια
901 2139 1045 2214 ἐστήσαντο
1062 2142 1112 2200 τῶν
1127 2147 1268 2218 πολεμίων·
1298 2143 1365 2209 Διὸς

242 2259 289 2333 μέν
312 2250 452 2333 ἇγοίλματοι
476 2248 562 2312 αύτῶν
583 2253 611 2310 δέ
640 2247 817 2328 ἀναθήματα,
851 2248 898 2310 ούκ
926 2247 1030 2329 ύπειροι
1056 2249 1116 2310 ούτε
1142 2252 1259 2331 ἐμφύτου
1286 2251 1365 2331 ῶρεος

244 2362 305 2424 σύτο
327 2367 442 2441 νομίμων
463 2359 565 2440 ἐρώτων
588 2358 648 2421 ούτε
670 2366 791 2420 ἐνοπλίου
806 2364 891 2439 ἔριδος
906 2359 965 2421 ούτε
980 2360 1124 2436 φιλοκάλου
1138 2362 1248 2442 είρὴνης,
1273 2367 1367 2440 σεμνοί

242 2481 291 2554 μέν
319 2473 389 2552 πρὸς
418 2470 481 2538 τούς
509 2471 595 2537 θεοὺς
624 2472 661 2547 τῷ
697 2474 798 2550 δικαίῳ,
838 2471 910 2530 ὅσιοι
944 2475 972 2530 δὲ
1007 2472 1075 2549 πρὸς
1109 2473 1171 2538 τούς
1205 2480 1299 2538 τοκέας
1333 2476 1366 2550 τῇ

245 2589 390 2664 θεραπείᾳ,
413 2585 508 2641 δίκαιοι
528 2587 576 2660 μέν
597 2580 666 2660 πρὸς
687 2581 750 2646 τούς
772 2578 870 2648 οίστούς
891 2583 927 2658 τῷ
949 2587 1010 2659 ἴση),
1033 2579 1147 2660 εὐσεβεῖς
1169 2587 1196 2642 δὲ
1215 2583 1284 2661 πρὸς
1303 2583 1366 2649 τούς

244 2702 336 2772 φίλους
356 2695 389 2772 τῇ
410 2699 503 2752 πίστει.
532 2692 677 2772 τοιγαρούν
705 2689 792 2751 αὐτῶν
819 2689 1017 2752 ἆποθανόντων
1039 2691 1053 2752 ὃ
1076 2692 1170 2759 πόθος
1192 2691 1225 2752 οδ
1247 2699 1365 2753 συναπέ-

244 2815 342 2874 θανεν,
366 2801 422 2864 ἄλλ’
449 2801 590 2870 ἆθιίνατος
612 2810 639 2862 ἐν
661 2800 813 2879 ἀσωμάτοις
835 2801 940 2879 σῶμασι
963 2804 992 2880 ζῇ
1015 2800 1047 2862 ού
1070 2803 1176 2872 ζώντων.

332 2914 428 2993 σεμνὰς
449 2913 502 2992 γὰρ
525 2914 645 2972 ἐνταῦθα
667 2911 842 2990 συμφορήσας
862 2918 941 2978 λέξεις
970 2911 984 2972 ό
1011 2919 1126 2993 Γοργίας
1148 2920 1248 2980 ἐννοίας
1269 2921 1368 2974 ἐπιπο·

245 3031 383 3104 λαιοτέρας
417 3026 562 3102 ἐξαγγέλλει
598 3030 653 3088 τοῖς
685 3026 712 3082 δέ
741 3029 866 3102 παρίσοις
893 3026 939 3082 καὶ
968 3022 1174 3101 ὁμοιοτελεύτοις
1199 3028 1244 3083 καί
1272 3023 1369 3102 ὅμοιο-

245 3135 402 3214 κατοίρκτοις
423 3138 588 3201 καλλωπίζων
610 3131 700 3193 διόλου
721 3132 879 3212 προσκόρως
900 3133 947 3194 τὸν
968 3133 1088 3214 λύγον.3)

245 3332 449 3343 ,φρ-.-

317 3461 334 3523 ¹)
358 3461 449 3510 Suidas
473 3475 492 3508 ε.
515 3476 538 3508 ν.
557 3459 601 3508 11:
629 3455 811 3526 ουνιγροίψατο
839 3455 932 3508 πολλ’.
971 3459 1124 3523 Doxopater
1150 3459 1238 3509 homil.
1266 3460 1305 3507 W.
1334 3459 1374 3509 11.

246 3565 271 3612 p.
294 3547 353 3596 122:
372 3541 488 3610 Γοργίας
505 3561 532 3592 τι
547 3539 728 3611 πανηγυρίζων
744 3541 824 3602 μόνον
842 3541 913 3600 τίδ’ῶς
925 3540 1009 3612 ῥητωρ
1023 3543 1067 3592 καὶ
1079 3539 1158 3600 αίιτός
1170 3540 1255 3608 ἤκουε.
1285 3545 1374 3594 Blass.

247 3634 317 3682 attic.
340 3633 424 3696 eloqu.
443 3647 467 3694 p.
485 3630 517 3679 53
537 3639 632 3694 etseq.
667 3630 737 3679 inter
755 3631 856 3693 singula
871 3631 984 3694 Gorgiae
1002 3631 1096 3694 scripta
1119 3631 1245 3680 rhetorica
1268 3625 1375 3692 (τέχναι

247 3715 326 3778 τινές)
348 3717 508 3766 referendum
532 3723 569 3766 est
590 3716 652 3765 illud
678 3713 739 3781 περὶ
763 3715 856 3780 καιροῦ
883 3717 952 3779 quod
981 3717 1047 3765 male
1074 3715 1128 3764 vult
1150 3715 1263 3764 Blassius
1284 3715 1375 3764 -fuisse

247 3804 370 3867 hymnum
387 3801 434 3850 csr.
452 3802 530 3850 Dion.
549 3801 581 3850 de
598 3816 713 3866 compos.
732 3817 755 3864 p.
775 3799 807 3849 68
826 3801 857 3850 1³.

317 3885 339 3949 ²)
359 3887 424 3935 Vide
435 3886 528 3934 Blassii
545 3885 620 3948 hujus
639 3886 762 3950 epitaphii
781 3886 977 3948 explicationem
996 3886 1063 3934 attic.
1083 3885 1166 3948 eloqu.
1185 3900 1209 3947 p.
1223 3883 1252 3932 61
1275 3893 1375 3948 etseq.

318 3969 340 4032 ³)
359 3970 413 4021 cfr.
432 3971 620 4034 Hermogenem
637 3967 699 4036 περὶ
714 3966 786 4020 ἰδεῶν
803 3970 845 4034 Sp.
864 3971 948 4024 Rhett.
967 3986 1004 4032 gr.
1025 3970 1058 4018 11.
1077 3987 1102 4034 p.
1121 3970 1184 4018 395:
1203 3966 1327 4026 φαίνεται
1346 3968 1377 4018 δὲ

248 4054 324 4123 λόγος
343 4052 424 4110 δεινὸς
442 4051 489 4103 οίιιι
507 4050 542 4103 ῶν
559 4055 679 4110 τοιοῦτος
698 4089 703 4102 .
724 4075 730 4100 ι
750 4091 756 4104 ,
780 4049 794 4103 ὁ
813 4055 863 4102 τῶν
886 4055 1018 4112 σοφιστῶν
1040 4053 1104 4116 λέγοι
1126 4055 1176 4102 τῶν
1197 4052 1259 4120 περὶ
1275 4052 1380 4102 Πῶλον

251 4141 295 4197 καὶ
309 4138 423 4206 Γοργίαν
436 4139 480 4188 καὶ
492 4139 603 4189 Μένωνα
615 4138 660 4188 καὶ
675 4141 725 4189 τῶν
743 4136 802 4188 καθ*
819 4133 887 4202 ἡμᾶς
905 4135 951 4188 οίικ
970 4134 1062 4202 ὀλίγων
1080 4135 1122 4188 ἵνα
1134 4136 1168 4202 μέγ
1182 4137 1245 4202 λέγω
1258 4135 1381 4194 πάντας.
