3042 4790
597 379 810 438 -Π-

229 553 346 626 Fragm.
369 551 409 620 II,
433 551 555 609 Tzetzes
585 548 682 608 Schol.
712 551 749 608 ad
780 547 855 609 Chii.
878 549 931 606 VI.
960 547 986 606 7.
1015 540 1125 626 (Crem.
1152 509 1268 606 Anecd.

152 661 244 720 Oxon.
265 662 323 718 ΙΙΙ.
347 659 441 731 367);

234 764 377 831 Διονύσιος
399 762 413 825 ὃ
432 762 653 844 Ἁλικαρνασσεύς
674 788 766 840 φησιν·
795 762 932 844 ἁγνεύεται
954 762 985 822 τὸ
1008 763 1096 840 στόμα
1118 763 1153 839 τῷ
1177 771 1267 840 Δημο-

151 882 245 939 σθένει,
256 877 277 949 1)

513 1444 609 1537 Περὶ
629 1435 906 1540 Δημοσθένους.

232 1646 414 1705 Peculiarem
439 1650 474 1708 de
490 1647 701 1706 Demosthenis
725 1647 906 1705 orationibus
928 1645 1271 1721 scripsisseDionysium

149 1766 301 1815 tractatum
333 1760 491 1816 secundum
515 1758 623 1820 Blassii
652 1758 852 1816 testimonium
877 1758 938 1832 jam
966 1756 1099 1814 Rankius
1130 1757 1273 1830 probavit.

149 1867 312 1944 Dionysius
343 1877 440 1927 autem
473 1871 550 1926 idem
582 1870 618 1926 de
649 1868 802 1926 Dinarcho
834 1847 1044 1942 argumentum·
1069 1876 1274 1941 persecuturus

150 1978 353 2051 quaestionem
377 1979 418 2036 ita
440 1979 580 2050 instituit,
607 1988 653 2051 ut,
682 1988 835 2054 postquam
859 1979 895 2034 de
918 1977 979 2034 vita
1002 1985 1031 2033 et
1053 1995 1189 2034 sermono
1213 1977 1276 2052 ejus

149 2107 223 2161 quae
251 2089 415 2146 necessaria
442 2090 615 2146 viderentur
648 2109 710 2147 essa
740 2088 878 2164 exposuit
904 2088 1107 2162 rationemque
1135 2107 1221 2160 quam
1245 2087 1274 2143 in

150 2197 348 2271 dijudicandis
379 2199 563 2260 orationibus
593 2207 745 2257 secuturus
778 2208 855 2256 essct
886 2198 1058 2273 explicavit,
1094 2206 1278 2254 enumeraret

150 2307 252 2364 titulos
275 2308 373 2382 priore
396 2309 462 2366 loco
486 2329 585 2366 earum
609 2310 790 2382 orationum,
818 2329 892 2383 quae
919 2309 997 2366 inter
1018 2304 1160 2378 δημοσίους
1181 2299 1279 2380 λόγους

149 2417 207 2474 sibi
230 2417 391 2492 genuinae,
415 2438 488 2493 quae
512 2419 568 2476 sibi
592 2420 720 2494 spuriae,
743 2421 835 2476 altero
859 2421 924 2476 loco
948 2437 1022 2493 quae
1044 2419 1120 2475 inter
1135 2411 1279 2475 ἰδιωτικούς

149 2529 225 2586 tales
256 2515 424 2586 viderentur
459 2549 534 2601 esse,
575 2540 729 2602 statueret,
761 2532 852 2587 verba
878 2529 1021 2604 cujusque
1051 2528 1193 2586 orationis
1223 2528 1279 2583 ini·
1342 2591 1345 2595 ,

150 2637 233 2694 tialia
255 2639 424 2710 ascriberet,
464 2649 579 2714 tempus
602 2660 660 2714 quo
688 2641 805 2698 habitae
829 2640 876 2696 vel
904 2639 1029 2713 scriptae
1063 2646 1160 2694 essent
1188 2638 1279 2694 adno-

150 2757 244 2819 taret,
267 2748 394 2822 denique
418 2768 487 2807 suae
515 2751 678 2808 sententiae
706 2750 835 2808 breviter
862 2768 964 2806 causas
991 2748 1121 2805 adderet.
1164 2747 1277 2804 Eodem

149 2857 215 2915 fere
242 2859 331 2916 modo
362 2861 440 2916 huno
470 2861 588 2918 tertium
617 2863 654 2919 de
681 2862 883 2918 Demosthene
906 2867 1060 2916 tractatum
1084 2859 1279 2932 compositum

153 2986 219 3024 assa
250 2986 313 3025 eum
343 2989 395 3043 per
421 2989 450 3026 sa
481 2971 542 3027 veri
570 2971 665 3028 simile
688 2971 738 3043 sit,
770 2989 862 3044 paene
886 2970 1028 3044 probatur
1050 2967 1280 3042 fragmentorum

150 3097 229 3150 quae
254 3087 355 3136 extant
378 3081 485 3138 verbis.
530 3080 619 3154 Quod
642 3081 770 3156 pertinet
791 3081 828 3137 ad
851 3080 962 3150 fontes,
991 3078 1096 3152 quibus
1119 3076 1281 3160 Dionysius

151 3187 185 3244 in
212 3188 367 3246 scribenda
390 3192 444 3248 hac
467 3191 762 3250 Demosthenicamm
791 3190 958 3248 orationum
986 3208 1111 3246 censura
1137 3207 1206 3245 usus
1231 3196 1282 3258 est,

151 3298 261 3355 habuit
292 3301 330 3356 ad
362 3319 478 3358 manum
512 3320 571 3358 non
604 3303 698 3359 solnm
731 3300 843 3360 πίνακας
873 3291 1079 3373 Περμαμιμούς,
1116 3299 1168 3356 sed
1199 3298 1283 3356 novit

146 3523 257 3588 γίνεται
279 3522 329 3590 γὰρ
348 3522 379 3574 τὸ
398 3524 524 3574 πλεῖστον
542 3525 603 3592 περὶ
625 3523 673 3590 τὴν
696 3526 762 3582 λέξιν
784 3523 848 3575 ὅταν
870 3523 995 3591 τραχείας
1014 3522 1059 3572 καὶ
1077 3519 1192 3589 σφοδράς
1210 3517 1283 3584 τιςῆ

145 3607 203 3660 καὶ
222 3608 318 3668 σεμνὰς
337 3607 508 3678 συμφορήσας
527 3611 604 3667 λέξεις
622 3600 666 3660 εἶτ’
688 3610 825 3680 ἒξαγμὲλλῃ
844 3609 943 3665 ἐννοίας
957 3607 1128 3664 ἐπιπολαίους
1142 3607 1186 3656 καὶ
1198 3604 1284 3662 κοινὰς

144 3693 204 3745 καὶ
221 3691 340 3752 μάλιστα
358 3695 381 3744 εἰ
399 3696 444 3744 καὶ
462 3694 581 3761 σχήμασι
596 3699 684 3762 χρῷτο
698 3695 786 3753 κώλοις
805 3714 831 3745 τε
852 3694 970 3752 καὶτοῖς
989 3691 1177 3749 ciliciensium
1195 3689 1211 3757 ἦ
1230 3709 1285 3742 τισι

139 3780 406 3840 κεκαλλωπισμένας
423 3775 547 3840 ἀκμαίοις
565 3800 592 3831 τι
612 3781 656 3831 καὶ
675 3785 791 3842 σεμνοῖς,
811 3797 876 3846 quae
895 3783 971 3832 verba
990 3797 1022 3830 ex
1035 3781 1163 3844 Dionysio
1182 3779 1285 3828 fluxisse

142 3876 276 3920 extrema
294 3875 408 3932 apparet.

231 3950 250 4012 ¹)
269 3951 345 4002 Certa
362 3951 451 4015 utique
467 3953 533 4002 inter
551 3954 696 4017 fragmenta
719 3953 790 4002 sedes
813 3953 853 4001 his
876 3953 959 4001 verbis
981 3951 1089 4000 inveniri
1107 3965 1159 3999 non
1178 3957 1285 4012 poterat.

127 4031 298 4101 ἆγοιύιται
322 4037 474 4086 vocabulum
499 4039 649 4103 explicarim
672 4039 725 4088 sere
748 4038 799 4086 sic:
831 4034 952 4102 καθαρὸς
976 4033 1024 4100 τὴν
1045 4032 1181 4099 ἑρμηνείαν
1206 4031 1285 4082 ἐστίν.

123 4117 295 4180 στόματος
313 4137 365 4171 vox
383 4123 416 4170 ab
434 4138 551 4173 sermone
569 4124 688 4188 Dionysii
707 4138 761 4172 non
779 4123 917 4184 abhorret,
936 4123 1030 4185 legitur
1049 4117 1137 4179 στόμα
1152 4113 1288 4168 Armenta

120 4215 178 4262 de
210 4207 270 4270 Lys
291 4222 311 4256 c.
336 4205 364 4254 12
382 4223 409 4270 p.
428 4207 479 4255 478
498 4209 528 4256 R.

213 4297 420 4344 neuton-masere.
1068 4289 1083 4336 2
