3042 4790
740 353 952 414 ,34-

284 520 402 600 ρηκότων
423 518 439 593 ἢ
461 517 597 586 καθάπαξ
620 517 652 580 ού
672 525 799 597 μέμνηται
822 517 836 592 ἢ
858 518 948 596 ὥσπερ
969 515 1174 598 ἠναγκασμένος.
1186 521 1212 596 ¹)
1265 521 1317 578 Καί
1335 521 1392 578 κατίι

285 638 333 710 μέν
355 630 402 690 τόν
423 628 609 709 πραγματικόν
634 627 719 688 τύπον
745 629 830 702 ἥττων
857 630 928 686 ἐστίν
950 625 1101 704 Ἡροδότου
1123 628 1170 686 διὰ
1196 629 1280 688 ταῦτα
1304 639 1392 690 Θουκυ-

283 745 366 814 δίδης·
394 739 463 800 κατὰ
491 743 520 798 δέ
548 738 596 798 τόν
617 738 732 798 λεκτικόν
753 737 788 797 τὰ
808 743 856 814 μέν
877 737 961 811 ἥττων
984 737 1018 796 τὰ
1040 741 1209 817 δὲκρείττων
1230 737 1264 798 τό
1287 736 1311 796 δ’
1337 746 1393 806 ἴσος.

279 851 350 931 Ἐρῶ
375 855 403 911 δὲ
424 853 469 910 καί
490 852 551 928 περὶ
572 847 685 920 τούτων,
710 845 745 914 ὧς
765 845 903 924 ὑπείληφα.

428 959 435 978 ν
520 959 531 974 u
576 956 582 975 ³
642 961 653 972 ἰ
721 963 726 979 ν
780 955 788 975 ²
823 955 836 975 ti
897 949 910 978 ἶ
1007 961 1015 982 υ
1080 955 1086 976 τ
1112 964 1116 978 ι
1185 959 1197 974 u
1248 958 1260 978 ει
1371 961 1381 976 u

368 974 467 1038 Πρωτη
494 985 546 1019 των
569 983 668 1037 αρετων
694 983 782 1038 γενοιτ
819 984 863 1027 αν,
893 981 924 1031 ης
947 981 1029 1036 χωρις
1057 961 1133 1018 ουδεν
1160 984 1212 1020 των
1243 967 1324 1020 αλλων
1350 985 1395 1022 των

336 1075 344 1096 η
404 1071 409 1087 ι
473 1069 480 1086 ν
573 1067 585 1086 ει
707 1073 711 1092 ,
747 1066 761 1085 τι
787 1066 795 1085 t
962 1067 968 1086 ι
1026 1076 1038 1090 η
1075 1066 1083 1086 ³
1110 1067 1117 1086 ν
1238 1073 1247 1094 5
1282 1070 1287 1089 ι
1317 1068 1324 1087 t

283 1097 344 1150 περι
367 1095 428 1136 τους
449 1077 546 1150 λογους
569 1074 665 1144 οφελος
686 1091 724 1132 τις
744 1095 760 1140 η
782 1071 836 1144 ⁷1²)
858 1075 973 1148 καθαρα
994 1092 1049 1134 τοις
1071 1094 1184 1146 ονομασι
1201 1095 1246 1128 και
1261 1095 1307 1130 τον
1323 1077 1396 1144 Ελλη-

283 1181 356 1242 νικόν
366 1181 525 1258 χαρακτῆρα
540 1177 663 1247 σιίζουσα
678 1176 826 1248 διάλεκτοςς
849 1177 953 1250 Ταύτην
968 1176 1120 1256 ἀκριβοῦσιν
1136 1175 1288 1260 όιμφότεροι.
1321 1177 1397 1259 ‘qu-

284 1290 363 1356 δοτός
390 1314 418 1349 τε
439 1277 492 1369 γὰρ
514 1290 559 1362 τῆς
578 1285 665 1354 Ἰιίδος
688 1285 796 1366 όίριστος
818 1287 915 1348 κανών·
949 1291 1107 1362 Θουκυδίδης
1129 1314 1156 1348 τε
1177 1291 1222 1364 τῆς
1243 1293 1367 1356 Ἀτθίδος.
1378 1293 1397 1365 ³)

286 1401 486 1478 ΗίΤρίτην
502 1402 552 1473 ἔχει
565 1397 657 1477 χώραν
677 1396 693 1472 ἦ
716 1403 859 1476 καλουμένη
882 1403 1021 1475 συντομία·
1045 1406 1072 1458 ἐν
1092 1397 1175 1478 ταύτῃ
1198 1403 1269 1460 δοκεῖ
1288 1407 1401 1478 προέχειν

281 1509 433 1590 Ἡροδότου
464 1511 628 1582 Θουκυδίδης.
690 1513 787 1566 Καίτοι
817 1514 889 1588 λέγοι
923 1531 961 1574 τις
996 1505 1028 1568 όίν
1057 1506 1092 1574 ὧς
1123 1509 1191 1586 μετὰ
1222 1513 1328 1587 (μέν)4)
1356 1512 1401 1570 τού

287 1623 393 1697 σαφούς
415 1617 599 1696 ἐξεταζόμενον
621 1616 670 1691 ἡδύ
691 1617 865 1693 φαίνεταιτὸ
889 1616 988 1696 βραχύ,
1015 1620 1038 1678 εί
1060 1615 1085 1677 δ’
1110 1615 1281 1680 ἀπολείποιτο
1304 1619 1403 1690 τούτου,

285 1731 388 1810 πικρόν.
419 1729 496 1789 Ἀλλὰ
522 1732 600 1806 μηδέν
626 1725 649 1808 γ’
679 1728 823 1803 (ἣττων)5)
855 1731 922 1788 ἔστω
944 1728 1020 1806 παρὰ
1042 1729 1131 1789 τούτο.
1181 1728 1318 1810 Ἐνόργεια
1343 1731 1405 1810 μετὰ

285 1843 370 1901 ταῦτα
404 1845 525 1900 τέτακται
560 1836 651 1916 πρώτη
693 1839 745 1897 τῶν
782 1843 915 1897 ἐπιθέτων
956 1835 1062 1916 αἰρετῶν.
1120 1837 1229 1907 Ἰκανῶς
1264 1848 1291 1900 ἐν
1326 1840 1406 1919 ταύτῃ

286 1951 472 2030 κατορθοῦσιν
494 1947 649 2027 ἀμφότεροι.
694 1947 775 2007 Μετὰ
803 1947 901 2022 ταύτην
927 1953 1082 2010 συνίσταται
1109 1946 1203 2028 ἀρετὴν
1222 1949 1238 2025 ἦ
1260 1952 1313 2012 τῶν
1333 1948 1409 2025 ἠθῶν

286 2087 314 2121 τε
340 2064 384 2120 καί
409 2059 512 2118 παθῶν
537 2063 654 2136 μίμησις.
709 2057 852 2136 Διῄρηνται
878 2058 925 2133 τὴν
951 2055 1045 2138 ἇρετὴν
1070 2056 1168 2133 ταύτην
1194 2064 1221 2120 οἶ
1242 2069 1410 2140 συγγραφεῖς.

289 2174 447 2243 Θουκυδίδης
466 2175 514 2246 μέν
534 2169 588 2248 γὰρ
610 2167 644 2227 τό
666 2167 747 2240 πύθη
770 2169 886 2242 δηλῶσαι
900 2174 1033 2248 κρείττων,
1053 2167 1207 2248 Ἠρόδοτος
1221 2173 1248 2230 δὲ
1267 2170 1302 2230 τοί
1319 2169 1367 2252 [γ]’
1380 2175 1410 2248 ⁶)

286 2280 344 2356 ἢθη
367 2279 541 2358 παραστῆσαι
563 2277 715 2357 δεινότερος.
760 2277 841 2336 Μετὰ
867 2275 948 2337 ταῦθ’
979 2283 1007 2338 αἶ
1033 2279 1065 2340 τό
1090 2286 1159 2359 μέγα
1180 2283 1225 2338 καί
1246 2281 1414 2359 θαυμαστόν

289 2395 460 2468 ἐκφαίνουσαι
485 2391 531 2462 τῆς
558 2389 719 2462 κατασκευῆς
749 2385 846 2466 ἆρεταί.
886 2386 955 2448 ’Ἰσοι
981 2387 1030 2449 κόν
1056 2389 1164 2456 ταύταις
1191 2393 1218 2450 οἱ
1243 2398 1415 2470 συγγραφεῖς.

286 2503 412 2561 ’Ἐπονται
440 2497 549 2564 ταύταις
579 2501 607 2558 αἱ
638 2500 683 2573 τὴν
712 2498 787 2574 ἰσχύν
815 2501 859 2558 καί
890 2497 936 2558 τόν
963 2497 1043 2558 τόνον
1068 2502 1113 2560 καί
1142 2498 1191 2566 τὰς
1217 2498 1417 2580 ὁμοιοτρόπους

289 2610 410 2689 δυνάμεις
447 2611 493 2684 τῆς
531 2607 654 2688 φράσεως
691 2615 867 2687 περιέχουσαι.
929 2614 1062 2687 Κρείττων
1098 2618 1124 2670 ἐν
1161 2613 1266 2690 (μέν)7)
1303 2610 1418 2678 ταύταις

285 2720 444 2800 Ἡροδότου
468 2721 637 2792 Θουκυδίδης,
663 2718 759 2792 ἡδονὴν
780 2722 808 2778 δὲ
828 2722 873 2778 καί
894 2719 984 2778 πειθὼ
1006 2723 1050 2778 καὶ
1071 2725 1162 2800 τέρψιν
1183 2724 1228 2780 καί
1249 2720 1296 2786 τός
1317 2719 1418 2800 ὅμοιο-

290 2839 370 2912 γενεῖς
399 2828 493 2909 ἀρετὰς
519 2832 660 2908 είςφέρεται
686 2831 777 2908 μακρῷ
802 2831 963 2889 Θουκυδίδου
989 2834 1137 2908 κρείττονας
1155 2828 1310 2909 Ἡρόδοτος.
1363 2835 1423 2906 Τῆς

291 2946 319 3001 δὲ
341 2940 465 3020 φράσεως
486 2940 537 2998 τῶν
561 2938 699 3018 ὀνομάτων
710 2943 733 3017 ⁸)
756 2939 788 2998 τὸ
809 2945 857 3017 μέν
878 2940 947 2998 κατὰ
968 2938 1219 3019 φύσινἪρόδοτος
1240 2939 1359 3015 ἐζήλωκε,
1387 2941 1424 3002 τό

291 3055 319 3111 δὲ
342 3050 427 3110 δεινόν
450 3053 607 3124 Θουκυδίδης
630 3047 763 3128 [ὁμοειδὴς
783 3051 837 3116 πᾶς
858 3047 914 3130 τόν)
927 3053 952 3121 9)
985 3047 1029 3109 Ἐν
1050 3049 1139 3130 λόγοις
1160 3047 1259 3130 ἆρετῶν
1280 3049 1296 3126 ἦ
1319 3077 1428 3130 κυριω-

292 3161 359 3235 τύτη
392 3160 422 3220 τό
453 3166 565 3237 πρέπον.
619 3159 722 3234 Ταύτην
749 3158 902 3239 Ἡρόδοτος
933 3157 1039 3238 ἄκρβοῖ
1071 3162 1170 3238 μᾶλλον
1199 3159 1216 3234 ἢ
1248 3164 1434 3236 Θουκυδίδης.

363 3401 383 3463 ¹)
402 3401 511 3452 Codices
528 3400 623 3449 habent
640 3395 850 3465 ἠναγκασμένος,
870 3399 939 3462 quod
958 3400 1072 3448 correxit
1089 3399 1215 3450 Reiskius.

361 3485 381 3548 2)
402 3486 509 3536 Codices
528 3486 622 3535 habent
639 3482 678 3539 τίς
696 3471 728 3548 ἧς
753 3479 769 3548 ἡ
789 3483 841 3532 κτλ.
861 3484 915 3533 Nos
933 3485 1013 3534 secuti
1031 3501 1117 3534 sumus
1137 3485 1300 3550 Kruegerum
1316 3486 1445 3540 collatis

294 3573 377 3622 verbis
396 3570 516 3634 Dionysii
536 3571 608 3634 epist.
626 3570 658 3618 ad
677 3570 763 3618 Amin.
782 3570 802 3618 1.
821 3585 846 3633 p.
865 3568 923 3618 748.

363 3655 385 3718 ³)
404 3658 537 3705 Lacunam
555 3655 605 3702 hoc
623 3654 682 3703 loco
700 3655 859 3704 statuendam
877 3669 930 3704 esse
945 3653 1000 3718 jam
1016 3654 1081 3704 vidit
1098 3654 1258 3720 Sylburgius.

363 3740 385 3802 ⁴)
404 3741 502 3790 Inserui
520 3755 578 3787 eum
596 3736 784 3788 Herwe'rdenio.

365 3824 387 3884 ⁵)
406 3825 501 3874 Addidi
519 3838 577 3872 cum
595 3824 775 3873 Herwerdenio
794 3819 884 3888 ἥττων.

365 3907 387 3970 ⁰)
405 3909 547 3958 Delendum
566 3908 665 3957 videtur
684 3907 750 3970 (Η).

366 3991 387 4057 ⁷)
405 3994 513 4044 Addidit
530 3995 731 4044 Herwerdenius.

366 4077 388 4138 ⁸)
406 4079 524 4128 Fortasse
541 4079 703 4128 scribendum
721 4087 771 4128 est:
790 4078 836 4141 τῆς
855 4077 882 4128 δὲ
901 4078 1047 4135 συνθέσεως
1064 4079 1115 4128 τῶν
1133 4072 1273 4138 ὀνομάτων.

366 4160 388 4224 ⁹)
407 4163 495 4226 Turpe
513 4163 635 4212 emblema
652 4163 832 4213 Herwerdenio
851 4171 875 4213 et
892 4164 975 4214 nobis.
