3042 4790
635 331 847 390 ..25-

265 502 347 560 Inter
368 502 507 561 Isocratis
531 501 679 558 orationes
708 501 869 579 Dionysius
896 502 1001 560 refert:

266 621 338 670 orat.
359 613 414 669 IV.
438 612 671 687 Panegyricum:
695 612 730 668 de
754 631 882 688 compos.
905 631 929 671 c.
953 609 992 669 25
1017 633 1043 688 p.
1065 611 1126 674 208
1149 643 1191 654 -
1213 618 1305 674 verba

182 743 219 780 ex
242 741 277 779 ea
298 723 478 780 afferuntur:
501 723 537 778 de
560 723 645 778 Dem.
669 739 692 778 c.
715 719 755 780 40
778 741 806 796 p.
832 720 921 780 1079.
959 731 1031 780 orat.
1053 723 1091 781 V.
1118 725 1305 800 Philippum:

181 841 233 890 art.
261 835 333 889 rhet.
361 831 413 890 IX.
440 850 465 890 c.
490 829 528 888 12
551 851 578 906 p.
603 829 662 890 357
688 833 724 890 de
747 832 837 890 Isocr.
860 851 884 890 c.
907 830 926 890 6
949 852 975 908 p.
1000 831 1071 892 546.

268 950 340 1000 orat.
363 942 418 1000 VI.
440 942 672 999 Archidamum:
696 943 731 1000 de
754 943 844 1000 Isocr.
865 961 891 1029 c.
913 941 932 1001 9
956 963 983 1018 p.
1007 943 1078 1002 551.

268 1061 340 1111 orat.
367 1052 437 1111 VII.
466 1053 729 1128 Areopagiticum:
762 1055 797 1110 de
828 1053 920 1112 Isocr.
953 1073 977 1111 c.
1005 1052 1024 1113 6
1055 1074 1082 1129 p.
1111 1053 1172 1113 546
1199 1084 1242 1094 -
1269 1055 1305 1112 de

182 1181 310 1236 compos
334 1182 358 1220 c.
381 1160 420 1220 23
444 1182 472 1237 p.
498 1159 556 1220 182
580 1173 633 1220 art.
656 1165 730 1221 rhet.
753 1163 805 1220 IX.
829 1183 852 1222 c.
877 1161 914 1220 12
939 1183 966 1238 p.
990 1161 1061 1222 357.

268 1282 338 1330 orat.
361 1273 449 1330 VIII.
481 1273 516 1330 de
543 1291 632 1346 pace:
668 1273 704 1329 do
731 1273 821 1332 Isocr.
849 1293 872 1330 c.
900 1272 918 1331 7
947 1294 974 1348 p.
994 1272 1063 1352 Ι547
1092 1305 1134 1314 -
1161 1275 1198 1332 do
1220 1275 1306 1333 Dem.

182 1401 206 1440 c.
234 1381 271 1439 17
296 1403 322 1456 p.
347 1381 438 1440 1001.

269 1501 340 1548 orat.
363 1493 425 1550 XV.
448 1490 508 1564 περὶ
531 1484 702 1553 ἇντιὸόσεωςε
726 1495 762 1552 de
785 1495 870 1552 Dem.
893 1513 916 1552 c.
942 1493 980 1552 17
1004 1514 1032 1569 p.
1057 1493 1147 1552 1001.

269 1611 340 1661 orat.
362 1603 461 1661 XVII.
484 1603 716 1678 Trapoziticum:
740 1605 775 1661 de
798 1605 888 1662 Isocr.
912 1624 935 1662 c.
961 1603 999 1664 18
1021 1625 1049 1680 p.
1073 1601 1144 1664 578.
1207 1647 1209 1650 ψ

575 2162 671 2256 Περὶ
695 2157 917 2246 Ἀνδοκίδου.

270 2367 412 2424 Extitissc
440 2366 529 2423 etiam
555 2366 795 2424 Andocidearum
823 2368 988 2426 orationum
1016 2388 1034 2426 a
1061 2369 1206 2447 Dionysio
1238 2388 1311 2428 con-

181 2478 320 2553 scriptam
345 2496 496 2536 censuram
520 2478 656 2551 probavit
679 2479 810 2553 viditque
833 2479 965 2537 Blassius
988 2499 1016 2555 p.
1041 2479 1089 2538 16.

271 2590 388 2663 Fragm.
411 2587 494 2645 XVI.
520 2595 621 2644 auctor
651 2589 816 2662 argumenti
843 2590 879 2646 ad
905 2589 964 2647 III.
991 2591 1108 2648 Andoc.
1136 2598 1207 2648 orat.
1235 2609 1310 2664 quae

181 2708 229 2758 est
246 2700 282 2757 de
299 2718 370 2773 pace
386 2719 450 2756 cum
466 2697 712 2756 Lacedaemoniis
731 2699 865 2756 facienda
884 2700 986 2758 habita
1007 2700 1076 2759 odit.
1091 2700 1185 2759 Blass.
1207 2719 1235 2776 p.
1252 2698 1311 2758 65:

269 2800 301 2862 ‘0
322 2805 350 2862 δὲ
373 2801 514 2868 Διονύσιος
535 2799 625 2861 νόθον
645 2799 711 2862 εἶναι
733 2809 800 2882 λέγει
821 2802 868 2862 τὸν
888 2802 978 2884 λόγον.
990 2807 1018 2883 1),

180 3365 392 3379 ,......—-—-—-

176 3466 367 3534 ταιμνὴστρας
382 3464 504 3530 ἐγκώμιον
510 3503 517 3526 ,
537 3468 560 3517 2.
573 3464 729 3534 Πηνελόπης
742 3467 806 3531 ἔνο,
826 3470 849 3520 3.
863 3465 1049 3535 Μενεκράτης,
1067 3469 1090 3519 4.
1105 3466 1243 3528 ἐπιτάφιος
1255 3473 1312 3528 τοῖς

177 3557 209 3608 ἐν
226 3552 344 3620 Θοραίᾳ,
358 3554 381 3604 5.
394 3550 592 3612 Νεοπτόλεμος,
607 3555 630 3604 6.
643 3552 788 3620 Παριακός,
808 3555 876 3605 Tum
887 3546 958 3604 nullo
971 3556 1111 3620 praemisso
1130 3557 1195 3605 alius
1212 3557 1313 3620 generis

175 3643 294 3694 nomine
310 3642 394 3689 addit:
414 3638 559 3708 συνηγορία
576 3656 621 3706 πρ.
641 3657 664 3688 τ.
683 3637 779 3699 ἐπίοι,
798 3640 860 3706 περὶ
877 3641 926 3689 τοῦ
938 3636 1062 3707 ὄρτυγος,
1081 3634 1146 3707 ὑπὲρ
1167 3639 1312 3700 Τιμοθέου,

175 3721 359 3791 cumponenda·
377 3740 405 3773 π.
424 3741 448 3774 τ,
468 3719 523 3792 top.
543 3742 652 3788 quarum
670 3733 791 3788 quattuor
811 3727 956 3775 orationum
975 3726 1041 3774 tituli
1058 3726 1091 3774 ad
1104 3726 1173 3774 aliud
1186 3729 1313 3789 pertinere

175 3813 329 3879 quidquam
352 3826 403 3860 nou
422 3819 529 3874 possunt
545 3812 594 3870 nisi
616 3811 648 3859 ad
676 3809 747 3872 γένος
771 3806 913 3872 δικανικόν,
949 3811 1021 3874 cujus
1052 3811 1152 3874 generis
1183 3812 1313 3862 orationes

173 3901 254 3951 aliae
270 3903 371 3960 practer
389 3896 445 3944 illas
464 3912 517 3944 uon
535 3898 662 3960 leguntur.
681 3921 714 3929 —
732 3897 821 3960 Itaque
839 3903 945 3960 apparet
966 3897 1053 3946 titulos
1076 3898 1222 3946 orationum
1245 3897 1313 3960 apud

175 3987 356 4045 Anonymum
378 3981 443 4029 adeo
466 3981 588 4030 confusos
612 3995 676 4042 esse,
699 3988 727 4030 ut
751 3982 810 4031 inde
832 3996 909 4030 nemo
934 3983 1074 4046 quidquam
1092 3988 1182 4032 contra
1199 3988 1313 4031 nostram

176 4067 365 4131 conjecturam
383 4066 508 4115 deducere
525 4065 613 4128 possit.

270 4145 354 4208 C'sr.)
374 4148 455 4198 Blass.
474 4149 544 4198 attio.
563 4150 689 4213 eloquent.
709 4166 733 4214 p.
754 4149 803 4200 319
827 4157 850 4200 et
868 4150 1024 4214 Dionysium
1042 4151 1073 4202 de
1090 4151 1151 4216 Lys.
1170 4166 1194 4214 p.
1214 4149 1264 4198 454
1282 4149 1313 4199 Β.
