3042 4790
575 361 787 422 ...35-

130 523 250 602 Ὄμθθίῐλδς
262 524 315 604 γὰρ
334 515 412 590 οὗτος
429 531 456 583 ἐν
470 527 539 583 πάσι
552 523 602 585 κάν
615 534 672 592 ταῖς
689 529 857 604 δημηγορίαις
870 529 969 604 μάλλον
983 525 999 601 ἢ
1012 535 1070 592 ταῖς
1085 528 1241 607 διηγήσεσιν,

132 633 286 712 ††††¹)
334 633 408 712 Ἐμοί
434 639 523 714 μέντοι
550 638 595 694 καί
619 635 657 712 τῷ
678 635 793 713 φιλτάτῳ
815 641 940 714 Καικιλίῳ
962 640 1034 697 δοκεῖ
1053 636 1239 716 τάνθυμὴμαέ

133 742 204 804 αιἰτοῦ
234 719 354 822 μάλιστά
384 770 415 825 γε
445 748 489 803 καί
521 746 635 819 ζηλῶσαι
667 752 850 822 Δημοσθένης.
898 749 955 806 Ἵνα
983 751 1010 807 δέ
1038 747 1150 808 συνελὼν
1176 755 1242 808 εἴπω

130 857 195 936 καλαί
207 859 255 931 μέν
271 858 299 914 αἶ
313 853 431 929 ποιήσεις
454 852 613 934 άμφότεραι·
637 853 670 915 οὗ
691 856 743 935 γάρ
766 854 798 914 άν
821 859 992 932 αἰσχυνθείην
1013 859 1132 934 ποιήσεις
1155 856 1239 925 αὐτάς

129 972 212 1044 λέγων·
245 968 402 1049 διαφέρουσι
430 967 457 1024 δέ
484 964 552 1023 κατά
578 966 658 1024 τοῦτο
684 963 785 1043 μάλιστ’
812 963 1007 1040 άλλήλων,,ότι
1029 967 1060 1027 τό
1082 975 1130 1047 μέν
1148 967 1238 1047 ’Προ-

129 1075 200 1136 δότου
228 1074 442 1153 κάλλος”ῖλαρόν
469 1083 535 1143 ἐστι,
567 1074 683 1154 φοβερόν
709 1079 736 1136 δὲ
764 1077 794 1136 τὸ
818 1081 985 1138 Θουκυδίδου.
1030 1077 1145 1156 Ἀπόχρη
1168 1077 1239 1138 ταῦτ’

127 1187 247 1264 εἰρῆσθαι
277 1188 338 1264 περί
369 1183 469 1246 τούτων
498 1187 550 1244 τῶν
580 1192 766 1266 συγγραφέων,
804 1189 909 1246 πολλῶν
946 1192 990 1247 καί
1020 1186 1103 1247 άλλων
1134 1189 1244 1249 ἐνόντων

125 1303 250 1378 λέγεσθαι
272 1298 334 1375 περὶ
355 1287 393 1354 ὧν
414 1298 459 1354 καὶ
481 1297 567 1374 ἕτερος
589 1299 662 1356 έσται
685 1295 783 1374 καιρός.

202 1412 305 1489 Caput.
332 1412 388 1470 IV.
419 1407 542 1482 Ξενοφῶν
571 1409 599 1465 δέ
627 1409 671 1465 καί
697 1411 818 1473 Φίλιστος
849 1411 875 1468 οί
902 1407 1007 1474 τούτοις
1034 1408 1233 1486 ἐπακμάσαντος

123 1516 179 1579 σι’λτε
203 1517 293 1594 φάσεις
321 1514 415 1594 ὁμοίας
440 1514 511 1590 εἶχον
540 1513 600 1575 αι’ίτε
626 1522 801 1595 προαιρέσεις.
855 1520 979 1593 Ξενοφῶν
1005 1513 1126 1603 μὲνγὰρ
1145 1521 1236 1602 Ἥρη.

121 1627 196 1688 δότου
217 1627 326 1702 ζηλωτὴς
348 1631 449 1706 ἐγένετο
472 1624 527 1685 κατ’
560 1623 725 1705 ἀμφοτέρους
752 1628 814 1694 τοὺς
837 1633 1007 1709 χαρακτῆρας
1033 1631 1079 1692 τόν
1101 1659 1128 1692 τε
1149 1661 1238 1714 πραγ-

118 1737 225 1816 ματικὸν
244 1741 290 1796 καί
310 1736 357 1796 τὸν
378 1736 500 1796 λεκτικόν.
534 1738 649 1816 Πρῶτον
670 1743 717 1814 μέν
737 1737 791 1817 γάρ
813 1739 859 1804 τάς
877 1737 1024 1806 ὑποθέσεις
1043 1745 1094 1802 τῶν
1114 1745 1239 1823 ίστοριῶν

119 1853 250 1915 ἐξελέξατο
285 1847 367 1912 καλάς
401 1849 446 1906 καί
471 1854 680 1926 μεγαλοπρεπεῖς
707 1851 751 1906 καί
777 1845 851 1927 ἇνδρί
873 1849 1012 1928 φιλοσόφῳ
1039 1853 1236 1930 προσηκούσας,

117 1957 163 2032 τήν
187 1983 215 2018 τε
235 1957 330 2038 Κόρου
357 1961 489 2027 παιδείαν,
517 1957 604 2018 εἰκόνα
632 1961 757 2034 βασιλέως
784 1956 897 2038 άγαθοῦ
923 1964 967 2018 καί
995 1959 1161 2041 εὐδαίμονος,
1192 1969 1237 2025 καλ

115 2070 161 2144 τὴν
177 2067 320 2146 ’Ἀνάβασιν
346 2071 395 2128 τοῦ
422 2073 550 2146 νεωτέρου
575 2066 681 2146 Κόρου,
713 2060 733 2145 ᾧ
759 2072 803 2127 καί
831 2066 911 2134 αὐτός
938 2076 1078 2148 συνανέβη,
1109 2081 1235 2154 μέγιστον

114 2177 240 2258 ἐγκώμιον
272 2182 387 2253 ἔχουσαν
414 2179 466 2238 τῶν
492 2184 758 2256 συστρατευσαμένων
781 2177 919 2252 Ἑλλήνων·
949 2185 993 2240 καί
1019 2188 1106 2260 τρίτην
1133 2189 1169 2244 ἔτι
1191 2187 1236 2260 τὴν

108 2288 253 2363 Ἑλληνικὴν
275 2287 306 2362 ἣν
327 2295 462 2348 κατέλιπεν
493 2286 568 2362 άτελῆ
601 2292 771 2363 Θουκυδίδης,
804 2293 863 2364 ένλ)
894 2295 912 2370 γ’,·
943 2292 1119 2353 καταλύονταί
1147 2293 1182 2354 θ’
1210 2299 1237 2357 οἱ

108 2405 251 2478 τρίακοντα
281 2403 326 2459 καὶ
355 2398 388 2457 τά
416 2403 487 2472 τείχη
517 2400 568 2458 τῶν
590 2405 750 2474 Ἀθηναίων,
764 2403 788 2476 ³)
821 2399 1067 2480 άΛακεδαιμόνιοι
1097 2412 1238 2475 καθελλον,

108 2502 198 2575 αὖθις
223 2507 423 2588 άνίστανται.λ)

196 2617 236 2680 Οιλ
266 2618 350 2698 μόνον
381 2623 409 2678 δέ
440 2621 492 2678 τῶν
522 2619 683 2680 ὑποθέσεων
708 2620 787 2700 χάριν
814 2619 889 2688 άξισς
915 2631 1086 2683 ἐπαινεῖσθαι
1114 2625 1235 2703 [ζηλωτὴς

98 2729 263 2808 Ἡροδότου
284 2728 447 2810 γενόμενος],
478 2729 543 2789 άλλά
569 2735 615 2790 καί
633 2731 679 2805 τῆς
701 2734 859 2808 οἰκονομίας.
914 2743 977 2800 Ταῖς
1003 2760 1030 2793 τε
1055 2735 1109 2814 γάρ
1140 2733 1238 2813 άρχαίς

102 2839 194 2900 αὖτῶν
218 2848 277 2906 ταῖς
297 2840 529 2920 πρεπωδεστάταις
550 2847 671 2918 κέχρηται
692 2845 737 2902 καὶ
758 2841 876 2909 τελευτάς
898 2843 994 2921 ἑκάστη
1017 2845 1063 2910 τὰς
1084 2849 1227 2920 ἐπιτηδειο-

99 2951 187 3018 τάτας
217 2947 382 3010 οἰποδέδωκεΙ
413 2957 533 3030 μεμέρικέ
558 2977 585 3010 τε
611 2953 696 3017 καλῶς
721 2955 766 3010 καὶ
791 2957 917 3030 τέταχεῧ)
944 2958 989 3012 καί
1015 2961 1164 3016 πεποίκιλκε
1192 2957 1239 3030 τὴν

21 3067 22 3074 ’
96 3061 230 3142 γραφήν·
261 3052 334 3134 ἦθός
355 3057 376 3118 τ’
407 3064 577 3120 ἐπιδείκνυται
600 3066 728 3140 θεοσεβὲς
749 3066 793 3120 καί
814 3066 914 3123 δίκαιον
939 3068 984 3122 καί
1012 3066 1165 3146 καρτερικὸν
1195 3071 1239 3126 καί

95 3171 214 3238 εὖπετὲς
238 3169 358 3236 άπάσαις
379 3195 407 3229 τε
429 3170 571 3248 συλλήβδην
591 3179 784 3251 κεκοσμημένον
808 3170 919 3252 άρεταῒς.
963 3178 1022 3234 Καὶ
1045 3175 1060 3236 ὃ
1081 3182 1128 3255 μέν
1149 3203 1237 3257 πραγ-

21 3263 22 3286 λ
91 3282 219 3360 ματικός
241 3277 326 3346 τόπος
348 3277 420 3358 αὐτῷ
441 3283 570 3348 τοιοῦτος.

183 3390 222 3453 ‘0
247 3395 275 3451 δέ
296 3391 410 3458 λεκτικὸς
430 3394 466 3466 πῆ
486 3398 533 3470 μέν
550 3393 643 3470 ὅμοιος
654 3391 805 3472 Ἡροδότου
824 3397 861 3468 πῆ
876 3393 902 3453 δ’
921 3399 1089 3474 ἐνδεέστερος.
1126 3407 1231 3456 Καθα-

88 3505 142 3581 ρός
166 3509 228 3582 μέν
249 3499 303 3580 γάρ
326 3509 381 3568 τοῖς
404 3500 533 3580 ὀνόμασιν
555 3507 649 3570 ἱκανῶς
670 3507 714 3564 καί
736 3505 825 3581 σαφὴς
845 3505 974 3586 καθάπερ
990 3515 1090 3573 ἐκεῖνος.
1127 3505 1237 3586 Ἐκλέγει

167 3760 193 3822 ¹)
218 3759 357 3808 Lacunam
372 3759 428 3822 jam
445 3762 522 3810 sensit
540 3763 666 3812 Reiskius.

164 3845 192 3909 ²)
216 3845 290 3894 Ante
308 3841 334 3891 ἒν
353 3845 452 3894 codices
470 3845 563 3895 habent
576 3846 633 3906 καὶ,
654 3849 721 3910 quod
742 3851 897 3913 transposuit
912 3855 970 3914 post
983 3847 1146 3899 Θουκυδίδου
1161 3867 1235 3900 νοσα-

81 3933 189 3982 bulum
213 3929 426 3991 Herwerdenius‚
446 3933 517 3980 uncis
535 3934 639 3981 inclusit
657 3933 811 3997 Kruegerus.

163 4015 190 4078 ³)
215 4015 331 4065 Codices
348 4017 442 4066 habent
456 4010 585 4080 Ἀθηνῶν.

162 4099 191 4163 ⁴)
215 4102 346 4164 Reposuit
364 4096 507 4149 ἀνίσταται
525 4103 682 4164 singularem
700 4119 833 4153 numerum
851 4105 1051 4154 Herwerdenius.

164 4187 190 4248 5)
214 4187 260 4236 De
279 4185 424 4248 conjectura
444 4188 636 4237 Herwerdenius
655 4189 753 4252 scripsit
772 4187 917 4250 διατέταχε.

1052 4271 1084 4321 3*
