3042 4790
650 327 861 384 ...11-

194 516 267 571 quac
299 498 389 555 habet
419 494 479 569 περὶ
508 491 561 549 uuir
592 497 820 566 έογηματισμένων
850 487 1044 568 προβλημάτων
1075 496 1165 553 verba
1195 496 1218 552 si
1252 496 1317 571 quis

194 608 351 664 contulerit
373 608 512 679 cumeis,
536 627 610 682 quae
627 627 687 683 cap.
704 607 790 665 VIII.
814 607 899 664 initio
921 607 1118 680 disputantur,
1141 605 1192 662 vix
1207 605 1232 662 is
1248 624 1317 664 con·

193 718 323 774 tenderit
344 717 496 795 Dionysii,
527 737 612 792 quem
640 727 729 793 negat
756 717 906 792 scripsisse
934 715 1078 788 Blassius,
1105 716 1195 772 verba
1221 723 1317 774 aetate

194 847 258 885 esse
281 827 444 885 recentiora
469 847 556 902 quam
579 828 787 903 Hermogenis,
839 829 994 886 Praeterea
1021 845 1117 884 sermo
1145 833 1189 884 est
1214 825 1317 900 utique

193 938 342 1013 Dionysio
373 938 495 1013 dignus:
527 938 628 995 insunt
655 938 768 1012 judicia
798 957 858 995 non
889 956 982 1012 pauca
1011 936 1080 993 satis
1115 944 1212 1006 scrita,
1243 954 1318 1010 quae

193 1049 341 1122 Dionysio
364 1067 483 1123 prorsus
507 1048 698 1106 conveniunt.
716 1049 947 1123 —Exemplum
969 1048 1057 1104 liceat
1080 1047 1187 1103 addere
1210 1064 1317 1115 unum;

193 1158 307 1215 ascribo
330 1158 411 1216 locos
434 1166 508 1215 tres:
531 1159 600 1215 artis
623 1158 714 1234 igitur
736 1177 796 1234 cap.
811 1159 863 1216 IX.
879 1178 905 1233 p.
922 1155 997 1229 351,
1019 1153 1158 1232 Dionysii
1173 1156 1209 1213 de
1225 1156 1318 1212 Thuc.

194 1288 217 1326 c.
241 1266 280 1326 53
304 1287 331 1342 p.
355 1267 430 1340 944,
453 1268 538 1343 epist.
560 1270 596 1326 ad
619 1269 718 1341 Amin.
741 1269 764 1326 I.
788 1289 811 1327 c.
835 1268 853 1326 4
878 1288 905 1343 p.
929 1265 989 1326 725
1012 1268 1048 1325 R.

288 1543 317 1598 p.
339 1520 411 1581 351.
694 1542 722 1597 p.
746 1520 816 1581 725.
1080 1541 1107 1597 p.
1130 1519 1201 1580 944.

195 1699 200 1711 .
223 1698 229 1710 .
251 1698 257 1711 .
278 1655 305 1710 έν
319 1677 347 1710 τε
365 1655 425 1730 περὶ
439 1663 550 1730 Συμμο-
580 1659 607 1710 ἐν
642 1658 795 1726 Ἀθηναίοις
830 1651 935 1732 πρώτην
962 1651 1079 1732 ῥητόρων
1094 1655 1121 1710 δέ
1138 1655 1318 1728 Δημοσθένης

194 1765 256 1840 ριών
278 1768 481 1842 ἐπιγραφομένῳ
504 1761 549 1822 Id·
578 1760 634 1820 εἷπε
679 1765 853 1842 δημηγορίαν,
903 1762 936 1837 ἣν
960 1761 1043 1840 μόνος
1057 1762 1146 1840 ὥσπερ
1167 1761 1220 1822 suiv
1235 1757 1318 1820 ἄλλων

193 1898 232 1952 γῳ
260 1873 344 1951 ὅσπερ
370 1872 451 1952 λόγος
480 1872 549 1933 aiud·
579 1871 772 1951 ἐπιγράφουσιν
808 1877 835 1933 οἱ
873 1873 936 1940 τοὺς
961 1873 1024 1932 ὅσοι
1044 1878 1114 1952 μέγα
1136 1897 1161 1930 τι
1186 1874 1231 1930 καὶ
1252 1877 1318 1948 λαμ-

193 2007 244 2048 τως
288 1981 321 2042 ιῖν
360 1986 405 2041 καὶ
449 1923 731 2062 δικαίωςόρηταρικοός
745 1989 857 2051 πίνακας
872 2011 933 2045 σον·
961 1981 1031 2061 πρὸν
1057 1985 1152 2048 ἔδοξαν
1177 1989 1263 2041 ποιεῖν
1291 1989 1319 2040 έν

194 2093 369 2172 ἓπιγριὶφοιτο
409 2097 470 2173 περὶ
499 2094 552 2154 τῶν
578 2092 703 2159 τάξαντες
717 2097 778 2173 περὶ
793 2095 845 2154 tois
859 2106 934 2174 Συμ-
961 2091 1051 2172 λόγοις
1077 2092 1146 2152 οὕτω
1174 2094 1219 2150 καὶ
1246 2101 1317 2151 Θου-

195 2205 333 2280 βασιλικῶν
359 2211 386 2262 ἐν
412 2205 448 2281 τῷ
476 2206 550 2284 πρῶ-
577 2203 677 2281 μοριῶν
699 2211 726 2262 ἐν
751 2196 770 2282 ᾖ
795 2206 936 2284 παρεκάλει
961 2203 1067 2262 uvdidou
1089 2201 1199 2276 ζηλωτὴς
1216 2207 1318 2282 ἐγένετο

194 2337 239 2380 τος
254 2317 298 2371 καὶ
312 2313 394 2390 μόνος
412 2315 552 2392 παραστὰς
578 2314 640 2379 τοὺς
651 2316 853 2393 Ἀθηναὶοοςμὴ
868 2315 936 2376 λύειν
961 2313 1028 2372 κατὰ
1043 2312 1136 2382 πολλά,
1158 2328 1320 2392 sequuntur

195 2421 338 2493 ἀντειπεῖν,
389 2441 552 2506 sequuntur
578 2424 624 2496 rip
645 2423 713 2502 πρὸς
729 2429 839 2502 βασιλέα
856 2452 932 2506 γενο-
962 2432 1097 2506 exempla
1167 2431 1320 2504 depromta

195 2543 285 2598 verba
316 2542 456 2598 orationis
492 2539 552 2613 περὶ
577 2541 655 2612 μένην·
677 2535 847 2614 εἰρήνην...
963 2542 1091 2599 orationi
1120 2537 1181 2614 aspi
1206 2545 1318 2612 Συμμο-

194 2648 551 2726 Σιιμμοριῶν,[)ειι1οἰηίέει;
961 2647 1032 2726 prais.
1055 2681 1097 2691 —

193 2763 308 2833 μιμεῖται
324 2756 390 2835 ’γὰρ
430 2759 550 2815 ἐνταῦθα

195 2866 243 2924 τόν
251 2870 408 2944 Ἀρχίδαμον
421 2866 468 2926 τόν
479 2877 549 2926 Θου-

194 2979 308 3041 avdidov.

280 3255 322 3314 Ut
344 3258 381 3313 ad
403 3257 533 3330 reliquos
555 3258 625 3315 artis
649 3277 723 3332 quae
746 3261 836 3334 vulgo
868 3259 974 3316 dicitur
995 3258 1156 3316 rhetoricae
1179 3257 1319 3333 Dionysii

196 3374 335 3428 tractatus
358 3387 528 3442 pergamus,
555 3368 652 3442 capita
674 3369 819 3426 decimum
847 3379 876 3427 et
902 3369 1088 3426 undecimum
1112 3369 1148 3426 ab
1171 3368 1319 3444 Dionysio

195 3485 314 3534 auctore
342 3477 504 3552 abjudicari
532 3498 592 3536 non
624 3488 748 3553 possunt
778 3497 873 3554 neque
905 3481 999 3537 solum
1031 3487 1198 3555 propterea,
1238 3478 1318 3553 quod

195 3597 300 3644 auctor
310 3587 340 3644 in
349 3587 390 3644 eis
403 3587 583 3646 mentionem
596 3588 664 3646 secit
675 3589 741 3646 libri
753 3609 838 3664 quem
852 3590 1011 3664 scripturus
1024 3597 1101 3647 esset
1116 3585 1175 3660 περὶ
1188 3579 1320 3660 μιμήσεως

195 3699 378 3773 paragrapho
394 3709 485 3770 sexta,
508 3700 559 3757 sed
582 3719 619 3757 ne
642 3701 678 3757 ab
694 3700 833 3777 Dionysii
848 3700 965 3775 quidem
981 3700 1117 3776 prudenti
1141 3707 1170 3756 et
1192 3698 1320 3756 dilucida

195 3808 340 3866 tractandi
363 3809 476 3868 ratione
499 3809 722 3885 argumentique
740 3811 884 3868 electione
900 3813 1045 3868 abhorret.
1083 3808 1207 3884 Scripsit
1221 3808 1320 3884 igitur,

195 3928 229 3976 ut
266 3920 322 3976 hoc
351 3920 504 3991 addamus,
536 3929 623 3994 caput
652 3921 796 3978 decimum
828 3931 983 3995 antequam
1015 3922 1052 3978 ad
1083 3919 1318 3994 componendum

195 4025 256 4100 περὶ
276 4021 407 4099 μιμήσεως
428 4030 534 4088 librum
559 4031 644 4103 adiit,
671 4030 720 4089 csr.
744 4029 910 4090 Schottium
938 4051 965 4106 p.
988 4030 1113 4090 XLVII.
1165 4030 1209 4088 At
1229 4036 1320 4086 restat

196 4139 254 4196 alia
277 4140 418 4214 quaedam
443 4151 471 4198 ct
501 4142 621 4216 gravior
647 4142 789 4216 quaestio.
835 4141 1035 4216 Quintilianus
1066 4141 1095 4198 in
1126 4139 1216 4198 instit.
1247 4147 1319 4197 orat.
