3042 4790
621 1542 925 1646 fraumenta.

491 1735 590 1831 Περὶ
608 1735 679 1806 τῶν
698 1733 860 1836 ἀρχαίων
879 1732 1054 1836 ῥητόρων.

301 1921 371 2003 Vix
394 1943 492 1999 denuo
519 1942 698 1998 monendum
727 1950 782 2012 est,
813 1941 844 1997 id
872 1942 951 2016 quod
975 1941 1096 1999 fecimus
1119 1961 1147 2016 p.
1170 1940 1224 2016 24,
1255 1944 1333 2002 illius

214 2053 284 2110 satis
307 2053 397 2128 ampli
420 2051 517 2127 operis
539 2048 599 2123 aspi
624 2047 677 2103 τῶν
703 2042 819 2122 ἀρχαίων
844 2044 961 2126 ῥητόρων
989 2061 1133 2111 servatam
1158 2072 1220 2110 esse
1246 2055 1334 2112 nobis

212 2162 334 2238 primam
358 2163 496 2238 syntaxin
522 2162 540 2220 i.
568 2183 592 2220 e.
618 2162 733 2238 judicia
755 2163 790 2220 de
812 2162 881 2238 Lys.
916 2163 1005 2220 Isoer.
1032 2163 1131 2235 isae0,
1164 2163 1269 2222 deinde
1296 2165 1334 2222 ad

212 2295 268 2332 nos
290 2273 459 2350 pervenisse
482 2281 637 2330 tractatum
655 2273 690 2329 de
706 2273 736 2328 vi
757 2273 872 2330 dicendi
890 2273 1113 2346 Demosthenis,
1136 2273 1218 2348 eujus
1235 2275 1336 2348 deper-

212 2386 305 2442 ditum
322 2393 365 2442 est
379 2383 505 2441 initium.
541 2383 713 2440 Exhibitam
731 2383 819 2440 suisse
839 2384 869 2440 in
894 2402 928 2440 eo
945 2383 1154 2440 Demosthenis
1178 2384 1280 2456 vitam,
1304 2396 1336 2442 ut

212 2495 243 2552 in
266 2495 370 2553 ceteris
393 2494 558 2552 oratoribus
581 2493 746 2569 Dionysius
769 2493 850 2567 fecit,
874 2493 1000 2568 conjecit
1022 2493 1153 2550 Blassius
1177 2513 1204 2568 p.
1230 2492 1281 2566 12,
1304 2495 1335 2550 id

212 2605 291 2679 quod
314 2624 366 2679 per
387 2624 418 2662 se
443 2604 503 2662 veri
526 2603 667 2661 dissimile
690 2623 750 2662 non
775 2612 830 2675 est,
854 2605 904 2661 sed
927 2603 1045 2678 probari
1065 2623 1125 2660 non
1140 2611 1250 2677 potest;
1273 2614 1334 2661 tum

213 2715 365 2772 exordium
395 2713 590 2789 expositionis
621 2717 656 2772 de
679 2733 783 2790 prosae
811 2713 951 2770 orationis
978 2713 1135 2788 generibus
1164 2714 1200 2770 de
1227 2715 1335 2772 austeri

212 2825 329 2900 generis
350 2825 518 2899 primordiis
541 2833 667 2882 tractans
689 2834 777 2899 atque
799 2823 933 2898 inprimis
950 2824 986 2879 de
1004 2823 1119 2899 Gorgia
1134 2833 1265 2881 secutum
1284 2832 1334 2881 est.

296 2935 386 2993 Vitae
416 2935 628 2994 Demosthenis
665 2954 683 2992 a
718 2935 865 3010 Dionysio
904 2943 1053 2992 enarratae
1083 2967 1123 2976 -
1155 2935 1180 2992 si
1217 2933 1333 3008 quidem

213 3045 362 3103 enarravit
384 3065 448 3103 eam
470 3076 512 3084 —
535 3045 731 3121 fragmentum
761 3052 841 3101 extat
868 3045 988 3101 nullum.
1038 3045 1084 3101 De
1107 3053 1202 3102 aetate
1225 3054 1253 3101 et
1276 3044 1335 3101 vita

211 3155 421 3214 Demosthenis
451 3157 592 3212 nonnulla
624 3155 745 3213 tradidit
777 3154 938 3230 Dionysius
965 3155 996 3212 in
1024 3155 1106 3229 epist.
1129 3156 1166 3212 ad
1188 3155 1288 3212 Amm.
1310 3154 1334 3212 Ι.

212 3287 273 3342 cap,
295 3266 368 3324 HL:
392 3260 444 3318 ὅσα
466 3263 619 3338 παρέλαβον
642 3267 669 3318 ἐκ
691 3261 743 3317 τῶν
764 3260 857 3316 notariis
880 3261 1011 3336 ἱστοριῶν,
1035 3295 1076 3302 -—
1098 3265 1199 3338 Atque
1227 3265 1334 3338 episto·

211 3378 268 3434 lam
301 3379 338 3435 ad
368 3379 544 3435 Ammaeum
576 3377 600 3434 1.
632 3378 715 3434 libris
747 3378 782 3434 de
814 3377 1015 3433 Demosthene
1047 3395 1110 3432 esse
1139 3374 1333 3448 antiquiorem

212 3507 300 3562 supra
323 3488 385 3563 jam
413 3488 549 3545 vidimus:
592 3488 672 3545 Num
703 3497 800 3544 tamen
829 3487 858 3542 in
890 3487 992 3544 eodem
1016 3485 1226 3544 Demosthenis
1256 3505 1333 3542 anno

213 3598 315 3670 natali,
337 3607 370 3655 ut
391 3599 447 3656 hoc
469 3617 559 3654 unum
584 3599 750 3672 exemplum
774 3617 811 3655 ex
833 3597 933 3654 multis
955 3597 1087 3668 afferam,
1110 3597 1160 3653 illa
1181 3597 1212 3653 in
1233 3597 1335 3671 deper-

213 3709 275 3766 dita
304 3709 514 3768 Demosthenis
545 3709 606 3766 vita
637 3708 814 3776 constiterit,
850 3707 1005 3764 nescimus.
1065 3703 1124 3764 Sed
1155 3707 1241 3764 nobis
1272 3706 1338 3766 veri

212 3818 307 3876 simile
330 3818 448 3875 videtur
478 3838 539 3877 non
569 3819 654 3876 initio
682 3827 818 3876 tractatus
849 3818 885 3874 de
915 3817 945 3874 vi
976 3817 1092 3874 dicendi
1116 3817 1338 3888 Demosthenis,

212 3929 264 3986 sed
287 3929 543 3987 commentationis
559 3930 594 3987 de
611 3929 775 3987 orationum
794 3928 1089 3986 Demosthenicarum
1111 3927 1225 4008 origipe
1245 3927 1338 3983 vitam

212 4039 423 4097 Demosthenis
460 4039 553 4098 fusius
585 4022 762 4116 Dionysium
800 4058 966 4110 enarrasse,
1003 4057 1089 4113 quarn
1120 4038 1151 4094 in
1183 4036 1267 4112 epist.
1299 4037 1339 4094 ad

148 4182 152 4189 .
212 4151 310 4206 Amm.
333 4149 356 4206 Ι.
380 4151 533 4208 enarravit.
