3042 4790
672 725 897 834 VITA.

311 1084 389 1159 Ego,
412 1061 587 1141 Theoilorus
603 1085 754 1155 Roessler,
777 1093 863 1142 natus
887 1103 949 1142 sum
968 1085 1015 1142 dio
1031 1086 1123 1144 XXX.
1145 1087 1254 1144 mensis
1270 1087 1342 1144 Julii

225 1195 295 1253 anni
324 1192 603 1253 MDCOCXLVIII.
643 1193 804 1251 Mitweirlae
842 1195 952 1269 oppido
984 1193 1133 1254 Saxoniae
1165 1205 1259 1270 patre,
1294 1198 1341 1271 qui

226 1325 291 1362 cum
307 1305 415 1380 gaudio
431 1313 532 1361 nostro
550 1305 718 1362 etiamnunc
733 1305 816 1376 vivit,
833 1303 938 1364 Oarolo
950 1305 1117 1380 Theophilo
1133 1316 1250 1380 pastore
1266 1308 1342 1381 apud

227 1414 472 1486 GersdorfenseS,
492 1423 586 1472 matre
601 1414 698 1472 Laura
713 1417 750 1472 ab
766 1424 854 1490 gente
869 1415 1088 1478 Witscheliana.
1125 1417 1200 1473 Fide
1217 1418 1343 1474 imbutus

227 1525 400 1601 evangelica
415 1536 444 1582 et
457 1524 581 1600 primum
597 1544 614 1580 a
632 1535 713 1600 patre
728 1518 881 1582 institutus
896 1521 1001 1584 deinde
1016 1546 1033 1582 a
1046 1536 1235 1601 praeceptore
1247 1526 1344 1586 etiam-

227 1655 305 1693 nunc
324 1635 396 1692 mihi
415 1635 579 1707 carissimo,
602 1636 761 1692 Theodoro
776 1634 909 1707 Sehulze,
932 1635 982 1710 qui
998 1655 1076 1693 nunc
1093 1644 1137 1693 est
1151 1645 1251 1712 pastor
1268 1619 1344 1710 apud

225 1745 472 1802 Auerbaehenses
483 1745 514 1801 in
526 1744 674 1802 vicinitate
687 1743 834 1821 Cygneae,
845 1754 1002 1803 auctumno
1013 1744 1345 1805 anniMDOOCLXIII.

228 1854 380 1912 erudiendi
391 1873 477 1912 causa
486 1854 592 1912 illustri
602 1857 679 1929 apu'd
691 1855 824 1914 Grimam
834 1857 976 1913 Moldano
987 1857 1140 1913 mandatus
1151 1875 1225 1914 sum.
1247 1856 1345 1914 Abso-

227 1967 289 2042 lutp
309 1965 526 2039 quinquennio,
549 1966 650 2022 ductus
672 1985 732 2024 non
752 1966 849 2024 minus
869 1986 935 2024 meo
955 1965 1047 2040 ipsius
1068 1965 1166 2023 animo
1183 1985 1269 2040 quam
1284 1974 1346 2032 stu-

227 2074 283 2132 diis
299 2083 328 2132 et
349 2075 521 2132 auctoritate
545 2094 645 2132 eorum
669 2075 797 2132 virorum
820 2077 928 2150 quibus
939 2049 1009 2134 ¹tum
1025 2076 1262 2150 praeceptoribus
1277 2093 1346 2132 usus

226 2184 335 2260 gratias
350 2184 488 2260 plurimas
504 2185 606 2256 debeo,
620 2167 741 2252 Rudolli
752 2182 905 2258 Dienehii,
921 2187 1087 2243 Hermenni
1097 2185 1300 2260 Frohbergeri‚
1316 2194 1348 2241 ut

227 2294 405 2370 philologiae
421 2314 539 2369 operam
557 2296 657 2353 darem
667 2295 850 2370 Lipsiensem
867 2297 1028 2353 litterarum
1042 2296 1262 2353 universitatem
1280 2296 1347 2352 adii.

226 2404 352 2462 Interfui
371 2405 478 2462 scholis
502 2403 610 2476 Curtii,
633 2405 757 2478 Klotzii,
778 2405 898 2480 Langii‚
920 2405 1027 2480 Lipsii,
1047 2405 1201 2462 Ritschelii
1222 2407 1347 2480 philolo-

228 2515 314 2591 gieis,
341 2515 495 2588 Ahrensii,
518 2516 700 2588 Drobischii,
727 2516 884 2587 Fechneri,
911 2514 1035 2586 Frickii,
1065 2513 1196 2590 Seydelii
1220 2515 1348 2589 philoso-

229 2625 336 2700 phicis,
359 2625 520 2683 Eeksteinii
543 2626 764 2701 paedagogicis,
787 2626 896 2701 Voigtii
912 2624 1068 2682 historicis,
1105 2621 1208 2682 Socius
1231 2625 1274 2682 tui
1297 2645 1349 2700 per

229 2735 381 2793 semestria
396 2735 452 2792 tria
470 2736 618 2794 societatis
633 2737 741 2794 latinae
756 2736 867 2794 Klotzii
883 2755 968 2810 quem
985 2735 1079 2792 virum
1097 2735 1248 2810 egregium
1262 2735 1349 2794 nobis

229 2855 414 2921 praematura
429 2855 521 2904 morte
537 2855 669 2921 ereptum
694 2865 756 2904 esse
779 2847 893 2903 sincero
916 2847 1016 2903 animo
1037 2847 1176 2903 dolemus.
1212 2845 1349 2902 Benevo-

229 2955 321 3013 lentia
342 2955 497 3014 Ritsehelii
518 2956 626 3014 factum
651 2965 707 3030 est,
738 2965 771 3014 ut
792 2956 920 3032 proximi
941 2956 1012 3013 anni
1035 2966 1175 3013 autumno
1200 2955 1349 3013 societatis

229 3065 331 3141 philol.
346 3065 510 3140 Lipsiensis
524 3069 622 3124 fierem
632 3067 728 3125 socius
739 3067 913 3125 ordinarius.
949 3065 1081 3141 Langius
1097 3065 1200 3122 eodem
1216 3072 1349 3138 tempore

230 3175 374 3251 permisit,
403 3185 436 3232 ut
463 3177 635 3234 interessem
667 3176 924 3235 exercitationibus
946 3176 983 3232 ad
1005 3193 1140 3232 romanas
1162 3174 1350 3248 antiquitates

230 3287 438 3362 spectantibus.
483 3285 652 3358 societatis,
675 3307 749 3361 quae
771 3287 910 3362 auspiciis
925 3285 954 3344 J.
969 3286 1008 3343 H.
1022 3285 1116 3360 Lipsii
1138 3301 1257 3360 graecam
1274 3285 1351 3342 anti-

231 3397 357 3472 quitates
373 3397 429 3454 sibi
445 3399 610 3454 tractandas
626 3398 791 3472 proposuit,
814 3405 882 3472 post
904 3405 1025 3454 mortem
1048 3394 1160 3452 Klotzii
1183 3394 1290 3452 sodalis
1307 3394 1352 3450 sui

231 3508 269 3565 ad
291 3510 347 3566 hoc
369 3527 461 3582 usque
485 3516 600 3582 tempus
622 3527 675 3583 per
702 3507 855 3566 semestria
877 3506 1015 3581 quinque.
1053 3505 1154 3580 Lipsio
1184 3504 1247 3561 viro
1278 3504 1353 3560 mihi

232 3618 383 3676 carissimo
406 3617 561 3693 praecipue
581 3617 732 3676 beneficiis
754 3638 801 3674 me
825 3617 996 3676 obstrictum
1015 3633 1077 3674 esse
1096 3615 1222 3672 libenter
1241 3614 1353 3683 late0r;

231 3729 283 3786 sed
298 3729 400 3786 ceteris
420 3729 556 3786 omnibus
579 3729 629 3802 qui
652 3748 699 3785 me
722 3727 913 3786 instituerunt
930 3727 998 3785 viris
1020 3725 1129 3802 gratias
1149 3743 1236 3799 quam
1256 3723 1354 3780 maxi-

232 3857 294 3896 mas
318 3846 347 3896 et
368 3858 446 3897 nunc
469 3858 524 3915 ago
549 3846 578 3896 et
599 3839 713 3898 habebo
736 3857 859 3914 semper.

1498 993 1519 1040 λ
