3042 4790
729 322 918 381 ..4-

265 499 405 568 Platone,
428 495 479 570 qui
501 495 532 552 in
553 493 720 552 elocutione
735 492 857 552 inferior
871 493 910 550 sit
925 494 1134 552 Demosthene.
1170 490 1191 549 J
1193 511 1238 548 am
1255 491 1386 550 Blassius

266 605 423 681 descript.
446 607 520 664 rhet.
542 624 570 679 p.
592 602 611 663 9
636 603 678 662 sic
704 603 909 662 ratiocinatur:
941 605 1033 661 verba
1052 594 1120 674 ὗπέρ
1143 586 1179 655 ὧν
1200 601 1313 674 ἑτέρωθι
1333 601 1385 653 κτλ.

265 716 368 791 utique
390 715 470 773 aliud
493 715 562 790 quid
585 714 749 790 significare
773 733 833 771 non
856 722 980 787 possunt
995 713 1052 770 nisi
1071 714 1145 770 hoc:
1168 712 1220 782 „in
1236 712 1294 770 alio
1309 713 1385 769 libro

266 825 339 883 mihi
370 825 575 900 conscripto
609 825 645 881 de
674 824 720 880 his
743 819 928 898 exponitur.“
981 822 1048 881 Jam
1075 821 1239 899 Dionysius
1265 842 1325 880 uno
1355 822 1387 878 in

266 937 366 994 libello
389 931 448 1008 arpi
470 928 515 1002 τῆς
536 927 648 1002 λεκτικῆς
669 925 815 1001 δεινότητος
837 932 1044 1004 Δημοσθένους,
1066 932 1117 1007 qui
1138 932 1213 990 liber
1227 931 1313 991 nobis
1329 951 1389 989 ser·

265 1055 350 1104 vatus
373 1053 429 1118 est,
452 1046 525 1102 illud
547 1047 584 1103 de
603 1043 737 1102 Platonis
760 1043 926 1102 elocutione
949 1051 1152 1119 argumentum
1177 1042 1269 1100 fusius
1292 1061 1390 1116 perse-

266 1165 349 1216 cutus
380 1165 424 1215 est
452 1189 493 1198 -
524 1154 632 1213 etenim
662 1162 729 1229 post
759 1153 951 1229 conscriptam
986 1155 1102 1212 demum
1135 1155 1210 1211 hanc
1241 1171 1390 1211 commen·

266 1266 409 1325 tationem
433 1265 608 1326 sententiam
632 1284 719 1339 quam
747 1265 783 1322 de
805 1263 941 1321 Platonis
970 1264 1136 1322 elocutione
1162 1263 1273 1335 tenuit,
1300 1262 1390 1320 tertio

265 1376 427 1458 Dionysius
450 1375 583 1433 defendit
604 1374 635 1430 in
659 1375 782 1448 epistola
804 1374 842 1432 ad
863 1373 1049 1449 Pompejum.
1085 1375 1166 1448 Ergo
1191 1375 1308 1431 libellus
1330 1369 1393 1444 περὶ

266 1482 311 1554 τῆς
340 1479 452 1554 λεκτικῆς
483 1477 630 1552 δεινότητος
661 1483 814 1542 confectus
850 1494 893 1541 est
924 1492 992 1542 ante
1024 1485 1300 1542 commentationem
1329 1480 1393 1555 περὶ

266 1597 418 1656 συν-θέσεως
452 1587 600 1667 ὀνομάτων,
632 1594 727 1654 editus
753 1602 850 1652 tamen
877 1601 944 1668 post
972 1613 1043 1651 eam.
1101 1595 1167 1652 Nos
1194 1594 1315 1668 quidem
1343 1593 1392 1649 his

267 1706 448 1782 argumentis
469 1707 500 1763 in
524 1707 646 1763 eandem
670 1704 844 1762 sententiam
871 1723 932 1761 non
959 1705 1078 1763 adducti
1105 1723 1213 1762 sumus.
1256 1703 1393 1760 Primum

268 1816 346 1874 enim
369 1835 430 1873 non
450 1834 604 1891 possumus
620 1815 781 1873 concedere
797 1815 870 1871 illud
890 1805 957 1886 ὑπὲρ
980 1799 1016 1866 ὧν
1036 1815 1088 1868 κτλ.
1111 1815 1271 1872 membrum
1287 1813 1392 1886 utique

268 1945 330 1984 non
359 1925 443 1984 aliter
471 1945 559 2001 posse
587 1925 713 2000 intelligi
740 1933 826 1999 atque
853 1924 985 1984 Blassius
1013 1926 1118 1996 voluit,
1150 1923 1201 1999 qui
1226 1923 1278 1981 ubi
1305 1924 1395 1981 dicit:

271 2037 321 2110 ,in
345 2036 548 2112 conscripto
571 2035 671 2092 libello
693 2035 725 2091 id
748 2031 947 2110 explicatur“,
979 2036 1029 2092 illo
1057 2035 1273 2092 additamento:
1300 2052 1394 2102 „con-
1494 2077 1495 2088 .

268 2145 402 2221 scripto“
424 2166 477 2222 per
498 2147 636 2221 ambages
659 2145 748 2202 insert
763 2145 914 2203 notionem
932 2145 1072 2220 temporis
1085 2144 1207 2220 perlecti
1220 2144 1251 2202 in
1270 2139 1398 2212 δηλοῦται

269 2258 459 2328 vocabulum,
491 2257 568 2330 quod
600 2264 644 2312 est
675 2263 789 2331 tempus
820 2275 967 2331 praesens.
1015 2255 1097 2314 Idem
1125 2254 1216 2330 igitur
1241 2254 1298 2312 sibi
1325 2271 1399 2312 con-

270 2367 357 2424 cessit
378 2366 523 2438 Blassius,
551 2367 631 2440 quod
654 2365 731 2438 aliis,
754 2366 867 2424 seilicet
888 2366 927 2424 A.
950 2365 988 2426 G.
1009 2365 1155 2438 Bechero,
1181 2373 1271 2441 negat
1296 2365 1398 2424 secere

191 2557 193 2563 .
269 2477 374 2548 licere3
397 2477 421 2534 is
445 2477 522 2535 enim
546 2470 670 2544 dqlodrm
691 2494 743 2550 per
765 2475 855 2533 futuri
876 2476 1016 2550 temporis
1038 2475 1280 2551 significationem
1303 2475 1399 2533 iuter-

269 2595 400 2661 pretatus
423 2595 474 2644 est.
511 2586 608 2645 Nobis
630 2580 754 2654 δηλοῦται
776 2595 820 2644 est
834 2605 971 2661 praesens
987 2595 1017 2644 et
1031 2595 1130 2644 servat
1146 2586 1208 2662 ejus
1224 2586 1399 2644 notionem:

269 2697 432 2772 Dionysius
456 2716 522 2755 cum
539 2697 628 2754 verba
643 2717 670 2774 p.
689 2693 748 2755 118
769 2697 805 2754 R.
827 2687 895 2768 ὑπὲρ
911 2681 947 2749 ὧν
968 2694 1082 2769 ἑτέρωθί
1098 2715 1145 2768 μοι
1166 2690 1288 2764 δηλοῦται
1307 2696 1399 2765 σαφέ-

270 2825 365 2880 στερον
386 2809 595 2880 conscriberet,
617 2827 678 2865 non
701 2807 765 2864 sine
787 2805 878 2863 animi
901 2807 1026 2880 quadam
1050 2805 1197 2864 alacritate
1220 2825 1251 2864 se
1273 2807 1336 2881 ipse
1360 2824 1403 2866 ea

267 2917 329 2992 jam
353 2917 521 2976 intuebatur
544 2917 748 2976 conficientem
774 2925 804 2974 et
826 2926 1034 2992 exponentem,
1058 2936 1133 2992 quae
1156 2917 1253 2975 suturo
1276 2918 1400 2975 demum

270 3036 402 3101 tempore
425 3034 593 3101 persecutus
617 3035 668 3084 est
721 3027 825 3100 Itaque
848 3035 958 3083 certum
986 3036 1043 3098 est,
1074 3027 1099 3084 si
1121 3027 1281 3101 quidquam
1303 3029 1400 3098 aliud,

271 3138 438 3195 confectum
472 3145 500 3195 et
523 3137 632 3196 editum
657 3156 720 3195 esse
744 3139 780 3196 de
803 3137 1016 3212 compositione
1042 3139 1148 3195 librum
1171 3147 1240 3196 ante
1262 3139 1404 3197 libellum

270 3248 307 3304 de
340 3248 553 3306 Demosthene.
610 3248 774 3323 Dionysius
804 3249 856 3306 ubi
888 3247 919 3304 in
949 3249 1046 3306 lucem
1075 3249 1168 3306 edidit
1196 3248 1302 3316 librum
1334 3249 1407 3323 περὶ

269 3351 383 3424 λεκτικῆς
404 3351 560 3426 δεινότητος,
589 3358 722 3418 libellum
746 3359 782 3416 de
805 3359 1018 3432 compositione
1041 3359 1103 3434 jam
1128 3359 1158 3415 in
1182 3359 1312 3417 omnium
1336 3380 1409 3418 ma-

270 3466 356 3524 nibus
388 3468 478 3526 fuisse
508 3487 629 3528 necesse
658 3477 709 3526 est.
759 3469 800 3526 Et
826 3469 851 3526 si
877 3468 1032 3542 faciamus,
1061 3469 1239 3545 Dionysium
1267 3470 1297 3526 in
1326 3489 1409 3528 con-

270 3577 427 3636 scribendo
459 3581 505 3644 vel
533 3580 647 3637 edendo
676 3599 764 3654 opere
791 3580 827 3636 dc
849 3580 1052 3637 Demosthene
1080 3581 1216 3654 precibus
1242 3581 1308 3638 Rufi
1331 3581 1412 3639 Me-

270 3687 327 3744 litii
349 3689 454 3746 librum
479 3691 515 3747 de
539 3690 754 3765 compositione
776 3689 936 3766 flagitantis
958 3689 1153 3765 interruptum
1170 3710 1247 3763 esse,
1270 3690 1300 3747 id
1317 3695 1412 3764 quod

270 3806 370 3855 tamen
403 3800 467 3856 veri
493 3799 588 3857 simile
611 3820 672 3858 non
697 3808 754 3873 est,
785 3819 836 3859 cur
862 3807 923 3857 tum
948 3801 1065 3858 tandem
1095 3801 1212 3876 inipso
1235 3800 1335 3858 libello
1363 3803 1414 3862 de

274 3910 489 3983 compositione
512 3930 573 3969 non
596 3919 710 3985 poterat
732 3909 902 3986 diligentius
925 3919 957 3968 ut
979 3911 1080 3970 debuit
1102 3931 1167 3969 eum
1190 3911 1286 3968 locum
1306 3911 1415 3986 signi-

273 4019 360 4076 ficare
383 4020 435 4078 ubi
459 4022 496 4078 de
520 4022 621 4078 eadem
644 4041 675 4079 re
698 4021 790 4079 fusius
805 4028 955 4094 tractaret,
978 4021 1029 4096 qui
1044 4039 1220 4096 quoeunque
1236 4020 1267 4078 in
1288 4021 1417 4096 scripto

272 4129 309 4186 de
332 4133 432 4192 eadem
457 4131 577 4190 materie
600 4140 716 4190 acturus
740 4141 784 4190 est
799 4134 834 4190 de
851 4151 909 4206 qua
920 4131 981 4208 jam
999 4140 1087 4190 antea
1102 4131 1164 4208 egit
1179 4124 1421 4194 accuratissime
