3042 4790
578 317 790 379 -43..

206 484 412 564 Merapcpoi:
436 492 472 548 de
494 509 589 564 comp.
612 509 635 548 c.
658 487 676 549 3
700 510 727 566 p.
751 487 807 554 25,
831 491 866 548 de
889 489 974 548 Dem.
998 508 1022 548 ο.
1045 489 1072 548 5.
1095 511 1123 568 p.
1146 489 1218 551 966.

206 600 417 676 Ἀλληγαρίαε
441 601 477 658 do
499 601 586 658 Dem.
608 619 632 658 c.
655 599 673 658 5
697 619 724 674 p.
748 596 820 659 966.

206 712 430 786 Περίφρααιςε
453 711 488 767 de
512 711 604 768 Thuc.
628 729 650 767 c.
675 709 711 769 31
737 731 765 786 p.
789 707 864 781 891,
886 729 910 768 c.
934 708 974 770 46
997 730 1025 786 p.
1048 708 1120 770 929.
1149 693 1236 772 (n...
1281 678 1431 750 “i‘f'i‘i‘isi
1458 713 1459 720 ’

208 820 423 892 Μετωνυμίαε
447 821 482 878 de
505 821 591 877 Dem.
614 839 637 877 e.
661 820 679 877 5
702 839 730 894 p.
754 817 825 878 966.

203 926 425 1004 Ὑπέρβατονε
449 931 485 988 de
509 931 604 987 Thuc.
628 949 651 987 c.
674 927 710 987 31
737 948 764 1003 p.
789 927 858 988 891.

204 1034 413 1114 ’Υπαλλαγή,
436 1033 664 1112 Κατᾶχρησιςτ
689 1039 725 1097 de
749 1037 853 1114 comp.
876 1058 900 1098 e.
923 1038 941 1098 3
965 1059 992 1115 p.
1016 1037 1065 1098 25.

209 1152 270 1212 Sed
305 1152 386 1208 aliud
419 1151 505 1208 etiam
538 1146 599 1222 napi
630 1143 704 1202 ἰδεῶν
735 1150 799 1207 eive
830 1142 971 1221 cpnpdrnv
1002 1169 1076 1224 opus
1107 1151 1246 1229 Dionysii

129 1266 263 1322 videntur
284 1262 430 1319 indicare:
453 1259 551 1319 Schol.
573 1260 665 1318 Arist.
687 1260 744 1318 III.
767 1258 847 1318 373:
876 1251 1018 1319 Λεονῦσεος
1039 1251 1054 1314 ὃ
1076 1260 1245 1334 Ἅλίναρνασ-

128 1369 183 1434 σοὺς
205 1372 275 1445 λέγει
297 1365 338 1425 ὅτι
359 1363 398 1442 λβ
421 1366 471 1424 εἰσί
493 1363 615 1441 σχήματα
639 1363 686 1422 τοῦ
708 1361 790 1442 λόγου
812 1356 848 1424 ὧν
871 1365 897 1423 ἕν
919 1371 974 1422 ἐστι
1000 1363 1031 1424 τὸ
1058 1366 1107 1426 τοῦ
1135 1365 1245 1446 δρόμου.

128 1487 248 1543 Tzetzes
273 1481 369 1541 Crem.
391 1482 492 1538 anecd.
515 1480 613 1540 Oxon.
627 1480 679 1538 IV.
704 1477 773 1552 126,
796 1479 830 1540 62
865 1472 919 1551 πρὸ
937 1471 1110 1554 Ἑρμογένους
1125 1480 1248 1556 ἔγραψαν

126 1593 166 1648 καί
187 1586 264 1646 ditor
285 1586 338 1665 γὰρ
361 1587 442 1653 ἰδέας,
466 1581 547 1649 αὐτὸς
564 1581 579 1644 ὃ
596 1582 736 1650 Διονύσιος
758 1583 807 1642 σὺν
828 1576 848 1660 ᾧ
867 1585 912 1642 καί
930 1589 1099 1650 Βασιλίσκος.
1137 1594 1247 1654 Jonnn,

126 1706 249 1765 Sieiliot.
274 1702 328 1760 VI.
351 1721 379 1776 p.
402 1700 457 1761 95:
487 1697 533 1753 καί
560 1693 700 1759 Διονύσιος
727 1691 742 1754 ὃ
764 1693 962 1772 Ἁλικαρνασεὺς
988 1697 1033 1754 καί
1058 1704 1209 1774 Σμυρναῖος
1231 1697 1247 1758 ὃ

129 1810 288 1889 Ἀριστείδης
302 1808 362 1883 περὶ
377 1805 451 1864 ἰδεῶν
466 1811 491 1864 τί
511 1808 557 1863 καὶ
578 1810 666 1879 τέχνης
687 1803 850 1884 γράψαντες·
875 1803 943 1880 βάτα
965 1803 1056 1884 κάρος,
1078 1804 1094 1880 ἦ
1116 1813 1248 1886 παροιμία

123 1925 210 1996 oncis.
239 1924 376 1998 Apparet
390 1923 446 1980 hoc
461 1923 526 1979 loeo
543 1922 667 1998 cogitari
683 1943 743 1980 non
760 1941 845 1997 posse
861 1921 919 1980 nisi
934 1921 970 1978 de
988 1921 1030 1978 eis
1051 1924 1154 1998 figuris
1175 1945 1248 2000 quns

122 2034 263 2094 tractavit
278 2033 482 2106 Hermogenes
504 2032 534 2090 in
557 2031 633 2089 libro
655 2029 716 2104 περὶ
737 2027 818 2094 ἰδεῶν,
842 2031 892 2094 eft.
912 2031 995 2090 Walz
1018 2034 1103 2090 rhen,
1126 2054 1169 2111 gr,
1191 2036 1248 2094 ΠΙ,

122 2168 146 2222 p.
166 2141 240 2212 189,
265 2161 337 2217 ques
360 2141 489 2199 breviter
510 2141 723 2200 nominaverim
739 2141 805 2213 μέρη
815 2137 863 2210 τῆς
877 2133 1034 2209 δεινότητος,
1057 2144 1144 2202 εἰσαεὶ
1160 2138 1248 2216 σαφή-

120 2277 206 2318 νειαν,
237 2244 420 2324 καθαρότητα
441 2251 492 2303 κτλ.
545 2251 588 2308 At
615 2261 728 2309 tanturn
758 2254 843 2310 abest
868 2261 901 2310 ut
927 2253 1090 2330 Dionysius
1116 2255 1250 2314 Halicar-

118 2365 275 2425 nassensis
296 2366 374 2420 hanc
396 2357 466 2422 ἰδέας
493 2362 645 2428 notionem
678 2358 841 2434 noverit,¹)
877 2371 912 2420 ut
940 2363 1087 2438 ejusmodi
1118 2365 1247 2424 idearum

116 2476 259 2536 doctrina
275 2481 375 2548 aperte
391 2482 503 2548 pugnet
521 2492 586 2530 cum
610 2473 660 2530 illc
682 2491 768 2546 quom
792 2473 828 2530 de
847 2469 1012 2546 χαρακτῆρσι
1028 2483 1167 2548 quattuor
1182 2496 1248 2534 eum

113 2585 260 2645 statuisse
284 2582 401 2640 scimus.
437 2583 575 2654 Accedit,
598 2583 677 2656 quod
699 2583 903 2659 Hermogenes
926 2584 1040 2642 disertis
1064 2587 1162 2644 verbis
1185 2606 1250 2645 sese

111 2698 249 2772 primurn
278 2693 356 2750 inter
382 2712 484 2750 omnes
511 2693 581 2750 talia
608 2694 712 2750 docere
735 2693 814 2751 dicit.
837 2694 884 2752 W.
911 2697 997 2752 rhett.
1024 2714 1067 2771 gr.
1093 2696 1150 2754 III.
1176 2695 1249 2756 192:

110 2799 175 2860 οὐδὲ
205 2797 263 2878 γάρ
293 2805 363 2856 ἐστιν
393 2794 464 2863 ὅστις
489 2797 543 2874 πρὸ
572 2794 643 2874 ἡμῶν
673 2796 726 2856 ὅσα
755 2800 799 2873 ἐμὲ
821 2797 956 2877 γινώσκειν
986 2799 1023 2864 εἰς
1052 2798 1127 2873 τήνδε
1151 2798 1251 2879 ἡμέραν

108 2909 225 2988 ἀκριβές
241 2932 271 2966 τι
287 2910 347 2985 περὶ
362 2906 461 2966 τούτων
474 2905 745 2985 πραγματευσάμενος
759 2913 886 2984 φαίνεται.
923 2915 999 2976 Utut
1014 2917 1104 2974 verba
1113 2917 1250 2992 Ττείτεε,

105 3026 254 3086 «Ioannis
284 3021 450 3095 Sieiliotae,
481 3023 656 3081 scholiastae
687 3023 906 3099 interpretanda
936 3033 1016 3098 sunt,
1047 3028 1103 3085 hoc
1135 3036 1251 3088 constat

105 3134 306 3212 Dionysium
338 3134 368 3192 in
400 3133 601 3209 Hermogenis
627 3134 747 3192 modurn
776 3135 813 3193 de
839 3134 912 3192 ideis
940 3135 1090 3216 scripsisse
1117 3137 1250 3196 libellum

103 3249 247 3304 nullum.

184 3479 210 3540 ¹)
233 3475 307 3528 ἰδέαι
324 3473 406 3540 λόγων
417 3499 451 3516 =
463 3493 557 3541 genere
570 3480 727 3528 orationum:
747 3479 938 3530 deliberativum
953 3480 1076 3544 judiciale
1094 3482 1251 3530 demonstre-

98 3569 196 3618 tivum
218 3566 256 3614 de
275 3565 336 3629 Lyn.
354 3579 376 3612 e.
398 3563 419 3613 1.
437 3580 461 3627 p.
481 3563 530 3612 455
549 3563 571 3612 R
587 3599 593 3624 ,
612 3565 643 3612 de
660 3565 733 3613 Dem.
753 3579 774 3612 ο.
792 3564 842 3625 IV,
861 3581 885 3628 p.
905 3564 962 3614 962.

180 3647 266 3698 ἰδέαι
283 3645 455 3714 rpomuai=
467 3651 548 3712 tropi:
568 3650 599 3698 de
616 3649 676 3712 Lys.
695 3666 717 3698 c.
736 3650 759 3698 3.
778 3665 803 3712 p.
821 3649 871 3698 451
890 3651 921 3699 R.

179 3731 266 3784 ἰδέαι
284 3729 445 3800 πραγμάτοιν
457 3753 490 3773 =
504 3735 651 3794 exordium,
674 3737 801 3796 nerrotio,
825 3735 1009 3785 demonstratio
1028 3741 1052 3784 et
1069 3735 1200 3799 peroratio
1219 3735 1250 3784 de

93 3822 165 3886 Lys.
195 3835 222 3868 c.
246 3818 274 3867 9.
292 3836 316 3882 p.
335 3818 399 3879 470,
418 3835 440 3868 c.
460 3818 499 3867 17.
517 3835 541 3882 p.
560 3818 610 3869 489
627 3820 657 3867 R.

178 3901 254 3954 ἰδέα
268 3925 302 3944 =
311 3901 449 3972 χαρακτὴρ
468 3903 554 3959 λέξεως
572 3904 604 3954 de
622 3905 697 3954 Dem.
716 3919 737 3953 c.
756 3903 779 3952 8.
797 3920 822 3968 p.
841 3902 899 3954 915.

179 3986 257 4039 ἰδέα
269 4009 303 4030 =
315 3986 416 4054 θεωρία
435 3990 466 4040 de
484 4005 598 4055 compos.
618 4005 640 4038 c.
660 3990 682 4038 5.
701 4005 725 4054 p.
745 3989 786 4039 38.

177 4071 256 4124 ἰδέα
269 4094 302 4114 =
315 4075 373 4125 idea
392 4075 551 4137 (Platonica)
570 4077 601 4125 de
618 4075 700 4126 Thuc.
719 4090 741 4125 c.
760 4072 784 4124 3.
803 4091 826 4140 p.
846 4073 895 4123 815
914 4075 944 4123 R.

590 4193 794 4205 ,ιβ-
