<?xml version="1.0" encoding="UTF-8"?>
<!DOCTYPE html PUBLIC "-//W3C//DTD XHTML 1.0 Transitional//EN"
    "http://www.w3.org/TR/xhtml1/DTD/xhtml1-transitional.dtd">
<html xmlns="http://www.w3.org/1999/xhtml" xml:lang="en" lang="en">
 <head>
  <title>
</title>
<meta http-equiv="Content-Type" content="text/html;charset=utf-8" />
  <meta name='ocr-system' content='tesseract 3.04.00' />
  <meta name='ocr-capabilities' content='ocr_page ocr_carea ocr_par ocr_line ocrx_word'/>
</head>
<body>
  <div class='ocr_page' id='page_1' title='image "./scriptorumrheto00diongoog_0042.png"; bbox 0 0 3042 4790; ppageno 0'>
   <div class='ocr_carea' id='block_1_1' title="bbox 600 382 812 458">
    <p class='ocr_par' dir='ltr' id='par_1_1' title="bbox 600 382 812 458">
     <span class='ocr_line' id='line_1_1' title="bbox 600 382 812 458; baseline 0.009 -22"><span class='ocrx_word' id='word_1_1' title='bbox 600 382 812 458; x_wconf 59' lang='lat'><strong>..334</strong></span> 
     </span>
    </p>
   </div>
   <div class='ocr_carea' id='block_1_2' title="bbox 133 561 1269 1416">
    <p class='ocr_par' dir='ltr' id='par_1_2' title="bbox 133 561 1269 1416">
     <span class='ocr_line' id='line_1_2' title="bbox 133 561 1267 645; baseline -0.001 -23"><span class='ocrx_word' id='word_1_2' title='bbox 133 561 289 641; x_wconf 74' lang='grc' dir='ltr'><strong><em>Ἡρόδοτος</em></strong></span> <span class='ocrx_word' id='word_1_3' title='bbox 316 564 344 620; x_wconf 85' lang='grc' dir='ltr'><strong><em>δέ</em></strong></span> <span class='ocrx_word' id='word_1_4' title='bbox 369 569 427 626; x_wconf 77' lang='grc' dir='ltr'><strong><em>ταῖς</em></strong></span> <span class='ocrx_word' id='word_1_5' title='bbox 452 569 588 640; x_wconf 81' lang='grc' dir='ltr'><strong><em>περιοχαῖς</em></strong></span> <span class='ocrx_word' id='word_1_6' title='bbox 613 569 665 621; x_wconf 84' lang='grc' dir='ltr'><strong><em>τῶν</em></strong></span> <span class='ocrx_word' id='word_1_7' title='bbox 692 563 867 644; x_wconf 90' lang='grc' dir='ltr'><strong><em>πραγμάτωνΙ</em></strong></span> <span class='ocrx_word' id='word_1_8' title='bbox 896 568 940 623; x_wconf 90' lang='grc' dir='ltr'><strong><em>καί</em></strong></span> <span class='ocrx_word' id='word_1_9' title='bbox 968 570 1083 645; x_wconf 88' lang='grc' dir='ltr'><strong><em>γίγνεται</em></strong></span> <span class='ocrx_word' id='word_1_10' title='bbox 1111 567 1267 638; x_wconf 85' lang='grc' dir='ltr'><strong><em>Θουκυδίδης</em></strong></span> 
     </span>
     <span class='ocr_line' id='line_1_3' title="bbox 138 671 1265 754; baseline 0.002 -22"><span class='ocrx_word' id='word_1_11' title='bbox 138 679 190 750; x_wconf 84' lang='grc' dir='ltr'><strong><em>μέν</em></strong></span> <span class='ocrx_word' id='word_1_12' title='bbox 218 671 324 748; x_wconf 76' lang='grc' dir='ltr'><strong><em>άσαφὴς</em></strong></span> <span class='ocrx_word' id='word_1_13' title='bbox 351 674 396 730; x_wconf 80' lang='grc' dir='ltr'><strong><em>καί</em></strong></span> <span class='ocrx_word' id='word_1_14' title='bbox 422 671 728 749; x_wconf 76' lang='grc' dir='ltr'><strong><em>δυσπαρακολούθητος·</em></strong></span> <span class='ocrx_word' id='word_1_15' title='bbox 763 677 867 733; x_wconf 90' lang='grc' dir='ltr'><strong><em>πολλῶν</em></strong></span> <span class='ocrx_word' id='word_1_16' title='bbox 893 674 945 754; x_wconf 82' lang='grc' dir='ltr'><strong><em>γάρ</em></strong></span> <span class='ocrx_word' id='word_1_17' title='bbox 972 674 1041 734; x_wconf 81' lang='grc' dir='ltr'><strong><em>κατὰ</em></strong></span> <span class='ocrx_word' id='word_1_18' title='bbox 1071 671 1152 734; x_wconf 73' lang='grc' dir='ltr'><strong><em>ταύτὸ</em></strong></span> <span class='ocrx_word' id='word_1_19' title='bbox 1184 680 1265 752; x_wconf 80' lang='grc' dir='ltr'><strong><em>θέρος</em></strong></span> 
     </span>
     <span class='ocr_line' id='line_1_4' title="bbox 138 779 1268 862; baseline 0.003 -22"><span class='ocrx_word' id='word_1_20' title='bbox 138 782 156 855; x_wconf 79' lang='grc' dir='ltr'>ἢ</span> <span class='ocrx_word' id='word_1_21' title='bbox 179 781 250 841; x_wconf 76' lang='grc' dir='ltr'><strong><em>κατὰ</em></strong></span> <span class='ocrx_word' id='word_1_22' title='bbox 271 781 318 841; x_wconf 83' lang='grc' dir='ltr'><strong><em>τὸν</em></strong></span> <span class='ocrx_word' id='word_1_23' title='bbox 341 779 422 841; x_wconf 81' lang='grc' dir='ltr'><strong><em>αὗτίιν</em></strong></span> <span class='ocrx_word' id='word_1_24' title='bbox 441 783 556 859; x_wconf 83' lang='grc' dir='ltr'><strong><em>χειμῶνα</em></strong></span> <span class='ocrx_word' id='word_1_25' title='bbox 570 785 591 861; x_wconf 85' lang='grc'><strong><em>1)</em></strong></span> <span class='ocrx_word' id='word_1_26' title='bbox 620 789 780 861; x_wconf 86' lang='grc' dir='ltr'><strong><em>γιγνομένων</em></strong></span> <span class='ocrx_word' id='word_1_27' title='bbox 802 791 829 843; x_wconf 87' lang='grc' dir='ltr'><strong><em>ἐν</em></strong></span> <span class='ocrx_word' id='word_1_28' title='bbox 851 783 998 862; x_wconf 77' lang='grc' dir='ltr'><strong><em>διαφόροις,</em></strong></span> <span class='ocrx_word' id='word_1_29' title='bbox 1022 783 1057 854; x_wconf 89' lang='grc' dir='ltr'><strong><em>ῶς</em></strong></span> <span class='ocrx_word' id='word_1_30' title='bbox 1078 784 1153 853; x_wconf 85' lang='grc' dir='ltr'><strong><em>είκὸς,</em></strong></span> <span class='ocrx_word' id='word_1_31' title='bbox 1176 783 1268 850; x_wconf 81' lang='grc' dir='ltr'><strong><em>τόποις</em></strong></span> 
     </span>
     <span class='ocr_line' id='line_1_5' title="bbox 139 890 1267 973; baseline 0.003 -22"><span class='ocrx_word' id='word_1_32' title='bbox 139 891 268 970; x_wconf 76' lang='grc' dir='ltr'><strong><em>ἡμιτελεῖς</em></strong></span> <span class='ocrx_word' id='word_1_33' title='bbox 290 892 338 958; x_wconf 86' lang='grc' dir='ltr'><strong><em>τάς</em></strong></span> <span class='ocrx_word' id='word_1_34' title='bbox 359 890 466 970; x_wconf 79' lang='grc' dir='ltr'><strong><em>πρώτας</em></strong></span> <span class='ocrx_word' id='word_1_35' title='bbox 486 891 596 970; x_wconf 85' lang='grc' dir='ltr'><strong><em>πράξεις</em></strong></span> <span class='ocrx_word' id='word_1_36' title='bbox 617 893 767 953; x_wconf 82' lang='grc' dir='ltr'><strong><em>καταλιπών</em></strong></span> <span class='ocrx_word' id='word_1_37' title='bbox 793 899 886 972; x_wconf 84' lang='grc' dir='ltr'><strong><em>ἑτέρων</em></strong></span> <span class='ocrx_word' id='word_1_38' title='bbox 913 895 1023 953; x_wconf 85' lang='grc' dir='ltr'><strong><em>άπτεται</em></strong></span> <span class='ocrx_word' id='word_1_39' title='bbox 1051 895 1114 973; x_wconf 89' lang='grc' dir='ltr'><strong><em>[τῶν</em></strong></span> <span class='ocrx_word' id='word_1_40' title='bbox 1142 894 1210 954; x_wconf 84' lang='grc' dir='ltr'><strong><em>κατά</em></strong></span> <span class='ocrx_word' id='word_1_41' title='bbox 1236 895 1267 954; x_wconf 83' lang='grc' dir='ltr'><strong><em>τὸ</em></strong></span> 
     </span>
     <span class='ocr_line' id='line_1_6' title="bbox 142 999 1266 1084; baseline 0.004 -22"><span class='ocrx_word' id='word_1_42' title='bbox 142 1001 212 1063; x_wconf 73' lang='grc' dir='ltr'><strong><em>αὐτὸ</em></strong></span> <span class='ocrx_word' id='word_1_43' title='bbox 233 1008 319 1080; x_wconf 88' lang='grc' dir='ltr'><strong><em>θέρος</em></strong></span> <span class='ocrx_word' id='word_1_44' title='bbox 340 999 356 1075; x_wconf 80' lang='grc' dir='ltr'><strong><em>ἢ</em></strong></span> <span class='ocrx_word' id='word_1_45' title='bbox 374 1001 491 1079; x_wconf 86' lang='grc' dir='ltr'><strong><em>χειμῶνα</em></strong></span> <span class='ocrx_word' id='word_1_46' title='bbox 512 1005 725 1083; x_wconf 62' lang='grc' dir='ltr'><strong><em>γιγνομένωνλλ)</em></strong></span> <span class='ocrx_word' id='word_1_47' title='bbox 771 1004 945 1082; x_wconf 86' lang='grc' dir='ltr'><strong><em>Πλανῶμεθα</em></strong></span> <span class='ocrx_word' id='word_1_48' title='bbox 968 1005 1013 1078; x_wconf 82' lang='grc' dir='ltr'><strong><em>δὴ,</em></strong></span> <span class='ocrx_word' id='word_1_49' title='bbox 1038 1004 1167 1084; x_wconf 88' lang='grc' dir='ltr'><strong><em>καθάπερ</em></strong></span> <span class='ocrx_word' id='word_1_50' title='bbox 1189 1008 1266 1076; x_wconf 84' lang='grc' dir='ltr'><strong><em>εἰκὸς,</em></strong></span> 
     </span>
     <span class='ocr_line' id='line_1_7' title="bbox 141 1099 1267 1193; baseline 0.004 -22"><span class='ocrx_word' id='word_1_51' title='bbox 141 1099 190 1172; x_wconf 74' lang='grc' dir='ltr'><strong><em>καί</em></strong></span> <span class='ocrx_word' id='word_1_52' title='bbox 212 1113 340 1178; x_wconf 83' lang='grc' dir='ltr'><strong><em>δυςκάλως</em></strong></span> <span class='ocrx_word' id='word_1_53' title='bbox 360 1120 415 1177; x_wconf 81' lang='grc' dir='ltr'><strong><em>τοῖς</em></strong></span> <span class='ocrx_word' id='word_1_54' title='bbox 441 1117 607 1188; x_wconf 77' lang='grc' dir='ltr'><strong><em>δηλουμένοις</em></strong></span> <span class='ocrx_word' id='word_1_55' title='bbox 632 1117 894 1192; x_wconf 80' lang='grc' dir='ltr'><strong><em>παρακολουθοῦμεν</em></strong></span> <span class='ocrx_word' id='word_1_56' title='bbox 920 1121 1112 1193; x_wconf 73' lang='grc' dir='ltr'><strong><em>ταραττομένης</em></strong></span> <span class='ocrx_word' id='word_1_57' title='bbox 1139 1117 1184 1190; x_wconf 79' lang='grc' dir='ltr'><strong><em>τῆς</em></strong></span> <span class='ocrx_word' id='word_1_58' title='bbox 1210 1120 1267 1176; x_wconf 88' lang='grc' dir='ltr'><strong><em>δια-</em></strong></span> 
     </span>
     <span class='ocr_line' id='line_1_8' title="bbox 141 1221 1269 1305; baseline 0.003 -23"><span class='ocrx_word' id='word_1_59' title='bbox 141 1227 225 1288; x_wconf 86' lang='grc' dir='ltr'><strong><em>νοίας.</em></strong></span> <span class='ocrx_word' id='word_1_60' title='bbox 260 1221 410 1301; x_wconf 77' lang='grc' dir='ltr'><strong><em>Ἡρόδοτος</em></strong></span> <span class='ocrx_word' id='word_1_61' title='bbox 431 1221 456 1280; x_wconf 78' lang='grc' dir='ltr'><strong><em>δ’</em></strong></span> <span class='ocrx_word' id='word_1_62' title='bbox 483 1221 537 1282; x_wconf 84' lang='grc' dir='ltr'><strong><em>άπὸ</em></strong></span> <span class='ocrx_word' id='word_1_63' title='bbox 560 1223 605 1294; x_wconf 82' lang='grc' dir='ltr'><strong><em>τῆς</em></strong></span> <span class='ocrx_word' id='word_1_64' title='bbox 625 1223 720 1282; x_wconf 87' lang='grc' dir='ltr'><strong><em>Λυδῶν</em></strong></span> <span class='ocrx_word' id='word_1_65' title='bbox 742 1227 874 1300; x_wconf 81' lang='grc' dir='ltr'><strong><em>βασιλείας</em></strong></span> <span class='ocrx_word' id='word_1_66' title='bbox 896 1223 1042 1304; x_wconf 78' lang='grc' dir='ltr'><strong><em>ἀρξάμενος</em></strong></span> <span class='ocrx_word' id='word_1_67' title='bbox 1062 1229 1107 1284; x_wconf 92' lang='grc' dir='ltr'><strong><em>καί</em></strong></span> <span class='ocrx_word' id='word_1_68' title='bbox 1127 1233 1204 1305; x_wconf 82' lang='grc' dir='ltr'><strong><em>μέχρι</em></strong></span> <span class='ocrx_word' id='word_1_69' title='bbox 1225 1229 1269 1301; x_wconf 78' lang='grc' dir='ltr'><strong><em>τῆς</em></strong></span> 
     </span>
     <span class='ocr_line' id='line_1_9' title="bbox 141 1329 1269 1416; baseline 0.004 -25"><span class='ocrx_word' id='word_1_70' title='bbox 141 1338 267 1410; x_wconf 87' lang='grc' dir='ltr'><strong><em>Κροίσου</em></strong></span> <span class='ocrx_word' id='word_1_71' title='bbox 295 1332 425 1408; x_wconf 89' lang='grc' dir='ltr'><strong><em>καταβάς,</em></strong></span> <span class='ocrx_word' id='word_1_72' title='bbox 457 1337 500 1392; x_wconf 89' lang='grc' dir='ltr'><strong><em>ἐπί</em></strong></span> <span class='ocrx_word' id='word_1_73' title='bbox 526 1334 619 1411; x_wconf 70' lang='grc' dir='ltr'><strong><em>Κῦρον</em></strong></span> <span class='ocrx_word' id='word_1_74' title='bbox 647 1329 749 1398; x_wconf 79' lang='grc' dir='ltr'><strong><em>εὗθέως</em></strong></span> <span class='ocrx_word' id='word_1_75' title='bbox 779 1335 826 1393; x_wconf 84' lang='grc' dir='ltr'><strong><em>τὸν</em></strong></span> <span class='ocrx_word' id='word_1_76' title='bbox 853 1335 1039 1395; x_wconf 75' lang='grc' dir='ltr'><strong><em>καταλύσαντα</em></strong></span> <span class='ocrx_word' id='word_1_77' title='bbox 1069 1337 1115 1410; x_wconf 77' lang='grc' dir='ltr'><strong><em>τὴν</em></strong></span> <span class='ocrx_word' id='word_1_78' title='bbox 1146 1343 1269 1416; x_wconf 90' lang='grc' dir='ltr'><strong><em>Κροίσου</em></strong></span> 
     </span>
    </p>
   </div>
   <div class='ocr_carea' id='block_1_3' title="bbox 142 1441 1270 1525">
    <p class='ocr_par' dir='ltr' id='par_1_3' title="bbox 142 1441 1270 1525">
     <span class='ocr_line' id='line_1_10' title="bbox 142 1441 1270 1525; baseline 0.005 -25"><span class='ocrx_word' id='word_1_79' title='bbox 142 1441 229 1521; x_wconf 73' lang='grc' dir='ltr'><strong><em>ἀρχὴν</em></strong></span> <span class='ocrx_word' id='word_1_80' title='bbox 256 1445 418 1520; x_wconf 78' lang='grc' dir='ltr'><strong><em>μεταβαίνει,</em></strong></span> <span class='ocrx_word' id='word_1_81' title='bbox 447 1446 597 1523; x_wconf 80' lang='grc' dir='ltr'><strong><em>Αἰγυπτίων</em></strong></span> <span class='ocrx_word' id='word_1_82' title='bbox 618 1441 643 1502; x_wconf 72' lang='grc' dir='ltr'><strong><em>τ’</em></strong></span> <span class='ocrx_word' id='word_1_83' title='bbox 669 1441 776 1522; x_wconf 81' lang='grc' dir='ltr'><strong><em>άργεται</em></strong></span> <span class='ocrx_word' id='word_1_84' title='bbox 798 1445 962 1525; x_wconf 86' lang='grc' dir='ltr'><strong><em>διηγημάτων</em></strong></span> <span class='ocrx_word' id='word_1_85' title='bbox 992 1449 1037 1504; x_wconf 83' lang='grc' dir='ltr'><strong><em>καί</em></strong></span> <span class='ocrx_word' id='word_1_86' title='bbox 1058 1449 1201 1506; x_wconf 75' lang='grc' dir='ltr'><strong><em>Σκυθικῶν</em></strong></span> <span class='ocrx_word' id='word_1_87' title='bbox 1226 1454 1270 1506; x_wconf 84' lang='grc' dir='ltr'><strong><em>καί</em></strong></span> 
     </span>
    </p>
   </div>
   <div class='ocr_carea' id='block_1_4' title="bbox 142 1552 1268 1664">
    <p class='ocr_par' dir='ltr' id='par_1_4' title="bbox 142 1552 1268 1664">
     <span class='ocr_line' id='line_1_11' title="bbox 142 1552 1268 1636; baseline 0.004 -25"><span class='ocrx_word' id='word_1_88' title='bbox 142 1553 279 1630; x_wconf 72' lang='grc' dir='ltr'><strong><em>Λιβυκῶν,</em></strong></span> <span class='ocrx_word' id='word_1_89' title='bbox 302 1553 336 1612; x_wconf 81' lang='grc' dir='ltr'><strong><em>τὰ</em></strong></span> <span class='ocrx_word' id='word_1_90' title='bbox 356 1560 405 1627; x_wconf 83' lang='grc' dir='ltr'><strong><em>μέν</em></strong></span> <span class='ocrx_word' id='word_1_91' title='bbox 426 1552 461 1620; x_wconf 90' lang='grc' dir='ltr'><strong><em>ῶς</em></strong></span> <span class='ocrx_word' id='word_1_92' title='bbox 484 1552 625 1615; x_wconf 76' lang='grc' dir='ltr'><strong><em>ἀκόλουθα</em></strong></span> <span class='ocrx_word' id='word_1_93' title='bbox 648 1556 741 1630; x_wconf 86' lang='grc' dir='ltr'><strong><em>δηλῶν,</em></strong></span> <span class='ocrx_word' id='word_1_94' title='bbox 765 1555 800 1613; x_wconf 81' lang='grc' dir='ltr'><strong><em>τὰ</em></strong></span> <span class='ocrx_word' id='word_1_95' title='bbox 822 1553 845 1613; x_wconf 71' lang='grc' dir='ltr'><strong><em>δ’</em></strong></span> <span class='ocrx_word' id='word_1_96' title='bbox 868 1554 903 1622; x_wconf 91' lang='grc' dir='ltr'><strong><em>ῶς</em></strong></span> <span class='ocrx_word' id='word_1_97' title='bbox 925 1556 1110 1634; x_wconf 68' lang='grc' dir='ltr'><strong><em>ἐπιζητούμενα</em></strong></span> <span class='ocrx_word' id='word_1_98' title='bbox 1133 1581 1268 1636; x_wconf 87' lang='grc' dir='ltr'><strong><em>προςανα-</em></strong></span> 
     </span>
     <span class='ocr_line' id='line_1_12' title="bbox 524 1641 535 1664; baseline 0 0"><span class='ocrx_word' id='word_1_99' title='bbox 524 1641 535 1664; x_wconf 54' lang='lat' dir='ltr'>S</span> 
     </span>
    </p>
   </div>
   <div class='ocr_carea' id='block_1_5' title="bbox 140 1662 1324 3068">
    <p class='ocr_par' dir='ltr' id='par_1_5' title="bbox 143 1662 1271 2398">
     <span class='ocr_line' id='line_1_13' title="bbox 143 1662 1269 1747; baseline 0.004 -25"><span class='ocrx_word' id='word_1_100' title='bbox 143 1662 285 1742; x_wconf 86' lang='grc' dir='ltr'><strong><em>λαμβάνων</em></strong></span> <span class='ocrx_word' id='word_1_101' title='bbox 297 1667 321 1740; x_wconf 80' lang='lat'><strong><em>³)</em></strong></span> <span class='ocrx_word' id='word_1_102' title='bbox 353 1663 387 1722; x_wconf 86' lang='grc' dir='ltr'><strong><em>τά</em></strong></span> <span class='ocrx_word' id='word_1_103' title='bbox 418 1663 443 1722; x_wconf 81' lang='grc' dir='ltr'><strong><em>δ’</em></strong></span> <span class='ocrx_word' id='word_1_104' title='bbox 474 1663 508 1730; x_wconf 89' lang='grc' dir='ltr'><strong><em>ῶς</em></strong></span> <span class='ocrx_word' id='word_1_105' title='bbox 527 1671 703 1744; x_wconf 83' lang='grc' dir='ltr'><strong><em>χαριεστέραν</em></strong></span> <span class='ocrx_word' id='word_1_106' title='bbox 733 1664 880 1739; x_wconf 76' lang='grc' dir='ltr'><strong><em>ποιήσοντα</em></strong></span> <span class='ocrx_word' id='word_1_107' title='bbox 902 1667 948 1740; x_wconf 79' lang='grc' dir='ltr'><strong><em>τὴν</em></strong></span> <span class='ocrx_word' id='word_1_108' title='bbox 971 1666 1089 1746; x_wconf 70' lang='grc' dir='ltr'><strong><em>διήγησιν</em></strong></span> <span class='ocrx_word' id='word_1_109' title='bbox 1112 1667 1269 1747; x_wconf 86' lang='grc' dir='ltr'><strong><em>ἐπεισάγων·</em></strong></span> 
     </span>
     <span class='ocr_line' id='line_1_14' title="bbox 143 1773 1271 1855; baseline 0.003 -23"><span class='ocrx_word' id='word_1_110' title='bbox 143 1773 289 1840; x_wconf 80' lang='grc' dir='ltr'><strong><em>διεξελθών</em></strong></span> <span class='ocrx_word' id='word_1_111' title='bbox 311 1799 339 1834; x_wconf 87' lang='grc' dir='ltr'><strong><em>τε</em></strong></span> <span class='ocrx_word' id='word_1_112' title='bbox 361 1774 469 1852; x_wconf 86' lang='grc' dir='ltr'><strong><em>πράξεις</em></strong></span> <span class='ocrx_word' id='word_1_113' title='bbox 487 1773 612 1849; x_wconf 77' lang='grc' dir='ltr'><strong><em>Ἑλλήνων</em></strong></span> <span class='ocrx_word' id='word_1_114' title='bbox 633 1779 679 1834; x_wconf 86' lang='grc' dir='ltr'><strong><em>καί</em></strong></span> <span class='ocrx_word' id='word_1_115' title='bbox 700 1775 841 1854; x_wconf 89' lang='grc' dir='ltr'><strong><em>βαρβάρων</em></strong></span> <span class='ocrx_word' id='word_1_116' title='bbox 864 1780 947 1836; x_wconf 80' lang='grc' dir='ltr'><strong><em>ἔτεσιν</em></strong></span> <span class='ocrx_word' id='word_1_117' title='bbox 970 1775 1039 1855; x_wconf 81' lang='grc' dir='ltr'><strong><em>ὁμσῦ</em></strong></span> <span class='ocrx_word' id='word_1_118' title='bbox 1061 1780 1205 1843; x_wconf 79' lang='grc' dir='ltr'><strong><em>διακοσίοις</em></strong></span> <span class='ocrx_word' id='word_1_119' title='bbox 1226 1782 1271 1836; x_wconf 79' lang='grc' dir='ltr'><strong><em>καί</em></strong></span> 
     </span>
     <span class='ocr_line' id='line_1_15' title="bbox 143 1885 1271 1966; baseline 0.003 -22"><span class='ocrx_word' id='word_1_120' title='bbox 143 1891 231 1944; x_wconf 87' lang='grc' dir='ltr'><strong><em>εἴκοσι</em></strong></span> <span class='ocrx_word' id='word_1_121' title='bbox 261 1890 405 1964; x_wconf 87' lang='grc' dir='ltr'><strong><em>γενομένας</em></strong></span> <span class='ocrx_word' id='word_1_122' title='bbox 431 1893 458 1944; x_wconf 86' lang='grc' dir='ltr'><strong><em>έν</em></strong></span> <span class='ocrx_word' id='word_1_123' title='bbox 483 1893 540 1952; x_wconf 78' lang='grc' dir='ltr'><strong><em>ταῖς</em></strong></span> <span class='ocrx_word' id='word_1_124' title='bbox 565 1890 650 1965; x_wconf 81' lang='grc' dir='ltr'><strong><em>τρισίν</em></strong></span> <span class='ocrx_word' id='word_1_125' title='bbox 678 1885 795 1966; x_wconf 83' lang='grc' dir='ltr'><strong><em>η’πείροις</em></strong></span> <span class='ocrx_word' id='word_1_126' title='bbox 820 1890 864 1945; x_wconf 88' lang='grc' dir='ltr'><strong><em>καί</em></strong></span> <span class='ocrx_word' id='word_1_127' title='bbox 889 1886 1074 1966; x_wconf 88' lang='grc' dir='ltr'><strong><em>παραγράψας</em></strong></span> <span class='ocrx_word' id='word_1_128' title='bbox 1099 1889 1145 1961; x_wconf 78' lang='grc' dir='ltr'><strong><em>τῆς</em></strong></span> <span class='ocrx_word' id='word_1_129' title='bbox 1171 1893 1271 1966; x_wconf 81' lang='grc' dir='ltr'><strong><em>Ξέρξου</em></strong></span> 
     </span>
     <span class='ocr_line' id='line_1_16' title="bbox 143 1992 1271 2077; baseline 0.004 -24"><span class='ocrx_word' id='word_1_130' title='bbox 143 1995 231 2071; x_wconf 79' lang='grc' dir='ltr'><strong><em>φυγῆς</em></strong></span> <span class='ocrx_word' id='word_1_131' title='bbox 252 1994 299 2068; x_wconf 81' lang='grc' dir='ltr'><strong><em>τὴν</em></strong></span> <span class='ocrx_word' id='word_1_132' title='bbox 320 1998 440 2073; x_wconf 82' lang='grc' dir='ltr'><strong><em>ἱστορίαν</em></strong></span> <span class='ocrx_word' id='word_1_133' title='bbox 463 1992 495 2054; x_wconf 80' lang='grc' dir='ltr'><strong><em>οὗ</em></strong></span> <span class='ocrx_word' id='word_1_134' title='bbox 517 1999 645 2056; x_wconf 86' lang='grc' dir='ltr'><strong><em>διέσπασε</em></strong></span> <span class='ocrx_word' id='word_1_135' title='bbox 665 1996 712 2071; x_wconf 80' lang='grc' dir='ltr'><strong><em>τὴν</em></strong></span> <span class='ocrx_word' id='word_1_136' title='bbox 739 1996 868 2077; x_wconf 73' lang='grc' dir='ltr'><strong><em>διήγησιν,</em></strong></span> <span class='ocrx_word' id='word_1_137' title='bbox 900 1995 965 2056; x_wconf 83' lang='grc' dir='ltr'><strong><em>άλλά</em></strong></span> <span class='ocrx_word' id='word_1_138' title='bbox 992 2001 1138 2074; x_wconf 82' lang='grc' dir='ltr'><strong><em>συμβέβηκε</em></strong></span> <span class='ocrx_word' id='word_1_139' title='bbox 1163 1999 1198 2074; x_wconf 80' lang='grc' dir='ltr'><strong><em>τῶ</em></strong></span> <span class='ocrx_word' id='word_1_140' title='bbox 1224 2005 1271 2075; x_wconf 87' lang='grc' dir='ltr'><strong><em>μέν</em></strong></span> 
     </span>
     <span class='ocr_line' id='line_1_17' title="bbox 143 2101 1271 2186; baseline 0.002 -22"><span class='ocrx_word' id='word_1_141' title='bbox 143 2111 208 2182; x_wconf 88' lang='grc' dir='ltr'><strong><em>μίαν</em></strong></span> <span class='ocrx_word' id='word_1_142' title='bbox 236 2101 374 2164; x_wconf 82' lang='grc' dir='ltr'><strong><em>ὖπόθεσιν</em></strong></span> <span class='ocrx_word' id='word_1_143' title='bbox 403 2104 510 2182; x_wconf 84' lang='grc' dir='ltr'><strong><em>λαβόντι</em></strong></span> <span class='ocrx_word' id='word_1_144' title='bbox 537 2107 623 2166; x_wconf 85' lang='grc' dir='ltr'><strong><em>πολλὰ</em></strong></span> <span class='ocrx_word' id='word_1_145' title='bbox 652 2108 765 2180; x_wconf 79' lang='grc' dir='ltr'><strong><em>ποιῆσαι</em></strong></span> <span class='ocrx_word' id='word_1_146' title='bbox 792 2115 857 2186; x_wconf 92' lang='grc' dir='ltr'><strong><em>μέρη</em></strong></span> <span class='ocrx_word' id='word_1_147' title='bbox 883 2107 915 2166; x_wconf 87' lang='grc' dir='ltr'><strong><em>τὸ</em></strong></span> <span class='ocrx_word' id='word_1_148' title='bbox 942 2109 969 2166; x_wconf 80' lang='grc' dir='ltr'><strong><em>ἓν</em></strong></span> <span class='ocrx_word' id='word_1_149' title='bbox 995 2108 1085 2185; x_wconf 89' lang='grc' dir='ltr'><strong><em>σῶμα,</em></strong></span> <span class='ocrx_word' id='word_1_150' title='bbox 1117 2111 1153 2185; x_wconf 78' lang='grc' dir='ltr'><strong><em>τῷ</em></strong></span> <span class='ocrx_word' id='word_1_151' title='bbox 1175 2111 1203 2167; x_wconf 87' lang='grc' dir='ltr'><strong><em>δέ</em></strong></span> <span class='ocrx_word' id='word_1_152' title='bbox 1224 2109 1271 2174; x_wconf 88' lang='grc' dir='ltr'><strong><em>τάς</em></strong></span> 
     </span>
     <span class='ocr_line' id='line_1_18' title="bbox 143 2213 1271 2297; baseline 0.004 -24"><span class='ocrx_word' id='word_1_153' title='bbox 143 2214 247 2280; x_wconf 80' lang='grc' dir='ltr'><strong><em>πολλάς</em></strong></span> <span class='ocrx_word' id='word_1_154' title='bbox 271 2218 316 2273; x_wconf 84' lang='grc' dir='ltr'><strong><em>καὶ</em></strong></span> <span class='ocrx_word' id='word_1_155' title='bbox 338 2213 415 2275; x_wconf 78' lang='grc' dir='ltr'><strong><em>οδδέν</em></strong></span> <span class='ocrx_word' id='word_1_156' title='bbox 438 2221 550 2282; x_wconf 84' lang='grc' dir='ltr'><strong><em>ἐοικυίας</em></strong></span> <span class='ocrx_word' id='word_1_157' title='bbox 560 2219 582 2291; x_wconf 72' lang='lat'><strong><em>⁴)</em></strong></span> <span class='ocrx_word' id='word_1_158' title='bbox 605 2213 753 2282; x_wconf 69' lang='grc' dir='ltr'><strong><em>ιἰπσθέσεις</em></strong></span> <span class='ocrx_word' id='word_1_159' title='bbox 778 2223 945 2297; x_wconf 83' lang='grc' dir='ltr'><strong><em>προελομένῳ</em></strong></span> <span class='ocrx_word' id='word_1_160' title='bbox 971 2217 1114 2296; x_wconf 77' lang='grc' dir='ltr'><strong><em>σύμφωνον</em></strong></span> <span class='ocrx_word' id='word_1_161' title='bbox 1140 2221 1166 2278; x_wconf 76' lang='grc' dir='ltr'><strong><em>ἓν</em></strong></span> <span class='ocrx_word' id='word_1_162' title='bbox 1193 2221 1271 2296; x_wconf 93' lang='grc' dir='ltr'><strong><em>σῶμα</em></strong></span> 
     </span>
     <span class='ocr_line' id='line_1_19' title="bbox 143 2333 324 2398; baseline -0.011 -13"><span class='ocrx_word' id='word_1_163' title='bbox 143 2333 324 2398; x_wconf 87' lang='grc' dir='ltr'><strong><em>πεποιηκέναι.</em></strong></span> 
     </span>
    </p>

    <p class='ocr_par' dir='ltr' id='par_1_6' title="bbox 140 2433 1324 3068">
     <span class='ocr_line' id='line_1_20' title="bbox 234 2433 1272 2519; baseline 0.005 -26"><span class='ocrx_word' id='word_1_164' title='bbox 234 2438 310 2502; x_wconf 83' lang='grc' dir='ltr'><strong><em>Μιῶς</em></strong></span> <span class='ocrx_word' id='word_1_165' title='bbox 341 2433 366 2494; x_wconf 85' lang='grc' dir='ltr'><strong><em>δ’</em></strong></span> <span class='ocrx_word' id='word_1_166' title='bbox 394 2438 465 2502; x_wconf 81' lang='grc' dir='ltr'><strong><em>ἰδέας</em></strong></span> <span class='ocrx_word' id='word_1_167' title='bbox 496 2440 533 2496; x_wconf 82' lang='grc' dir='ltr'><strong><em>έτι</em></strong></span> <span class='ocrx_word' id='word_1_168' title='bbox 562 2437 789 2516; x_wconf 69' lang='grc' dir='ltr'><strong><em>μνησθησομαιῧ)</em></strong></span> <span class='ocrx_word' id='word_1_169' title='bbox 813 2439 995 2519; x_wconf 78' lang='grc' dir='ltr'><strong><em>πραγματικῆς</em></strong></span> <span class='ocrx_word' id='word_1_170' title='bbox 1015 2439 1047 2514; x_wconf 76' lang='grc' dir='ltr'><strong><em>ἣν</em></strong></span> <span class='ocrx_word' id='word_1_171' title='bbox 1075 2437 1196 2517; x_wconf 81' lang='grc' dir='ltr'><strong><em>οῶδεμιᾶς</em></strong></span> <span class='ocrx_word' id='word_1_172' title='bbox 1221 2441 1272 2498; x_wconf 88' lang='grc' dir='ltr'><strong><em>τῶν</em></strong></span> 
     </span>
     <span class='ocr_line' id='line_1_21' title="bbox 145 2539 1272 2626; baseline 0.003 -21"><span class='ocrx_word' id='word_1_173' title='bbox 145 2553 343 2626; x_wconf 86' lang='grc' dir='ltr'><strong><em>προειρημένων</em></strong></span> <span class='ocrx_word' id='word_1_174' title='bbox 372 2539 452 2619; x_wconf 78' lang='grc' dir='ltr'><strong><em>ἧττον</em></strong></span> <span class='ocrx_word' id='word_1_175' title='bbox 483 2554 510 2606; x_wconf 81' lang='grc' dir='ltr'><strong><em>ἐν</em></strong></span> <span class='ocrx_word' id='word_1_176' title='bbox 541 2545 659 2613; x_wconf 82' lang='grc' dir='ltr'><strong><em>άπάσαις</em></strong></span> <span class='ocrx_word' id='word_1_177' title='bbox 691 2552 819 2626; x_wconf 79' lang='grc' dir='ltr'><strong><em>ἱστορίαις</em></strong></span> <span class='ocrx_word' id='word_1_178' title='bbox 848 2549 986 2626; x_wconf 81' lang='grc' dir='ltr'><strong><em>ζητοῶμεν,</em></strong></span> <span class='ocrx_word' id='word_1_179' title='bbox 1023 2549 1070 2624; x_wconf 81' lang='grc' dir='ltr'><strong><em>τὴν</em></strong></span> <span class='ocrx_word' id='word_1_180' title='bbox 1107 2547 1189 2608; x_wconf 78' lang='grc' dir='ltr'><strong><em>αιἰτσῦ</em></strong></span> <span class='ocrx_word' id='word_1_181' title='bbox 1224 2551 1272 2608; x_wconf 76' lang='grc' dir='ltr'><strong><em>τοῦ</em></strong></span> 
     </span>
     <span class='ocr_line' id='line_1_22' title="bbox 145 2649 1324 2739; baseline 0.003 -25"><span class='ocrx_word' id='word_1_182' title='bbox 145 2661 324 2736; x_wconf 72' lang='grc' dir='ltr'><strong><em>συγγραφέως</em></strong></span> <span class='ocrx_word' id='word_1_183' title='bbox 350 2655 476 2716; x_wconf 90' lang='grc' dir='ltr'><strong><em>διάθεσιν</em></strong></span> <span class='ocrx_word' id='word_1_184' title='bbox 500 2649 518 2734; x_wconf 81' lang='grc' dir='ltr'><strong><em>ᾖ</em></strong></span> <span class='ocrx_word' id='word_1_185' title='bbox 545 2663 666 2735; x_wconf 84' lang='grc' dir='ltr'><strong><em>κέχρηται</em></strong></span> <span class='ocrx_word' id='word_1_186' title='bbox 692 2658 761 2736; x_wconf 86' lang='grc' dir='ltr'><strong><em>πρὸς</em></strong></span> <span class='ocrx_word' id='word_1_187' title='bbox 788 2659 820 2716; x_wconf 85' lang='grc' dir='ltr'><strong><em>τά</em></strong></span> <span class='ocrx_word' id='word_1_188' title='bbox 843 2658 998 2739; x_wconf 87' lang='grc' dir='ltr'><strong><em>πράγματα,</em></strong></span> <span class='ocrx_word' id='word_1_189' title='bbox 1029 2663 1090 2738; x_wconf 82' lang='grc' dir='ltr'><strong><em>περί</em></strong></span> <span class='ocrx_word' id='word_1_190' title='bbox 1112 2653 1148 2719; x_wconf 90' lang='grc' dir='ltr'><strong><em>ῶν</em></strong></span> <span class='ocrx_word' id='word_1_191' title='bbox 1168 2659 1272 2739; x_wconf 86' lang='grc' dir='ltr'><strong><em>γράφει.</em></strong></span> <span class='ocrx_word' id='word_1_192' title='bbox 1319 2677 1324 2685; x_wconf 81' lang='grc'><strong>“</strong></span> 
     </span>
     <span class='ocr_line' id='line_1_23' title="bbox 140 2743 1273 2848; baseline 0.002 -22"><span class='ocrx_word' id='word_1_193' title='bbox 140 2765 183 2826; x_wconf 83' lang='lat' dir='ltr'><strong><em>‘H</em></strong></span> <span class='ocrx_word' id='word_1_194' title='bbox 200 2773 250 2845; x_wconf 87' lang='grc' dir='ltr'><strong><em>μέν</em></strong></span> <span class='ocrx_word' id='word_1_195' title='bbox 273 2758 383 2845; x_wconf 71' lang='grc' dir='ltr'><strong><em>(οδν)θ)</em></strong></span> <span class='ocrx_word' id='word_1_196' title='bbox 411 2764 564 2846; x_wconf 80' lang='grc' dir='ltr'><strong><em>Ἡροδότου</em></strong></span> <span class='ocrx_word' id='word_1_197' title='bbox 594 2743 718 2834; x_wconf 87' lang='grc' dir='ltr'><strong><em>διάθεσις</em></strong></span> <span class='ocrx_word' id='word_1_198' title='bbox 745 2777 772 2827; x_wconf 84' lang='grc' dir='ltr'><strong><em>ἐν</em></strong></span> <span class='ocrx_word' id='word_1_199' title='bbox 802 2769 902 2828; x_wconf 80' lang='grc' dir='ltr'><strong><em>ἅπασιν</em></strong></span> <span class='ocrx_word' id='word_1_200' title='bbox 928 2769 1038 2843; x_wconf 82' lang='grc' dir='ltr'><strong><em>ἐπιεικὴς</em></strong></span> <span class='ocrx_word' id='word_1_201' title='bbox 1068 2773 1113 2828; x_wconf 85' lang='grc' dir='ltr'><strong><em>καί</em></strong></span> <span class='ocrx_word' id='word_1_202' title='bbox 1142 2777 1197 2835; x_wconf 80' lang='grc' dir='ltr'><strong><em>τοῖς</em></strong></span> <span class='ocrx_word' id='word_1_203' title='bbox 1226 2776 1273 2848; x_wconf 83' lang='grc' dir='ltr'><strong><em>μέν</em></strong></span> 
     </span>
     <span class='ocr_line' id='line_1_24' title="bbox 146 2875 1270 2958; baseline 0.003 -22"><span class='ocrx_word' id='word_1_204' title='bbox 146 2875 273 2957; x_wconf 79' lang='grc' dir='ltr'><strong><em>σἰγαθοίς</em></strong></span> <span class='ocrx_word' id='word_1_205' title='bbox 294 2879 455 2954; x_wconf 87' lang='grc' dir='ltr'><strong><em>συνηδομένη</em></strong></span> <span class='ocrx_word' id='word_1_206' title='bbox 478 2885 532 2942; x_wconf 80' lang='grc' dir='ltr'><strong><em>τοῖς</em></strong></span> <span class='ocrx_word' id='word_1_207' title='bbox 555 2881 583 2936; x_wconf 85' lang='grc' dir='ltr'><strong><em>δέ</em></strong></span> <span class='ocrx_word' id='word_1_208' title='bbox 604 2875 698 2944; x_wconf 79' lang='grc' dir='ltr'><strong><em>κακοῖς</em></strong></span> <span class='ocrx_word' id='word_1_209' title='bbox 717 2879 898 2958; x_wconf 77' lang='grc' dir='ltr'><strong><em>συναλγοῦσα·</em></strong></span> <span class='ocrx_word' id='word_1_210' title='bbox 921 2877 937 2953; x_wconf 78' lang='grc' dir='ltr'><em>ἦ</em></span> <span class='ocrx_word' id='word_1_211' title='bbox 960 2882 988 2939; x_wconf 89' lang='grc' dir='ltr'><strong><em>δέ</em></strong></span> <span class='ocrx_word' id='word_1_212' title='bbox 1005 2882 1167 2939; x_wconf 87' lang='grc' dir='ltr'><strong><em>Θουκυδίδου</em></strong></span> <span class='ocrx_word' id='word_1_213' title='bbox 1184 2877 1270 2939; x_wconf 76' lang='grc' dir='ltr'><strong><em>αὐθέ-</em></strong></span> 
     </span>
     <span class='ocr_line' id='line_1_25' title="bbox 142 2985 1273 3068; baseline 0.004 -22"><span class='ocrx_word' id='word_1_214' title='bbox 142 2985 250 3052; x_wconf 85' lang='grc' dir='ltr'><strong><em>καστός</em></strong></span> <span class='ocrx_word' id='word_1_215' title='bbox 270 3010 309 3052; x_wconf 92' lang='grc' dir='ltr'><strong><em>τις</em></strong></span> <span class='ocrx_word' id='word_1_216' title='bbox 330 2989 375 3045; x_wconf 80' lang='grc' dir='ltr'><strong><em>καί</em></strong></span> <span class='ocrx_word' id='word_1_217' title='bbox 395 2987 477 3065; x_wconf 82' lang='grc' dir='ltr'><strong><em>πικρά</em></strong></span> <span class='ocrx_word' id='word_1_218' title='bbox 498 2991 544 3046; x_wconf 84' lang='grc' dir='ltr'><strong><em>καί</em></strong></span> <span class='ocrx_word' id='word_1_219' title='bbox 564 2989 596 3066; x_wconf 76' lang='grc' dir='ltr'><strong><em>τῇ</em></strong></span> <span class='ocrx_word' id='word_1_220' title='bbox 619 2992 725 3066; x_wconf 88' lang='grc' dir='ltr'><strong><em>πατρίδι</em></strong></span> <span class='ocrx_word' id='word_1_221' title='bbox 747 2991 792 3062; x_wconf 73' lang='grc' dir='ltr'><strong><em>τῆς</em></strong></span> <span class='ocrx_word' id='word_1_222' title='bbox 813 2992 898 3068; x_wconf 77' lang='grc' dir='ltr'><strong><em>φυγῆς</em></strong></span> <span class='ocrx_word' id='word_1_223' title='bbox 917 2991 1125 3067; x_wconf 81' lang='grc' dir='ltr'><strong><em>μνησικακοῦσα.</em></strong></span> <span class='ocrx_word' id='word_1_224' title='bbox 1165 2991 1205 3050; x_wconf 81' lang='grc' dir='ltr'><strong><em>Τὰ</em></strong></span> <span class='ocrx_word' id='word_1_225' title='bbox 1225 2997 1273 3068; x_wconf 89' lang='grc' dir='ltr'><strong><em>μέν</em></strong></span> 
     </span>
    </p>
   </div>
   <div class='ocr_carea' id='block_1_6' title="bbox 142 3094 1272 3178">
    <p class='ocr_par' dir='ltr' id='par_1_7' title="bbox 142 3094 1272 3178">
     <span class='ocr_line' id='line_1_26' title="bbox 142 3094 1272 3178; baseline 0.003 -21"><span class='ocrx_word' id='word_1_226' title='bbox 142 3098 199 3178; x_wconf 80' lang='grc' dir='ltr'><strong><em>γάρ</em></strong></span> <span class='ocrx_word' id='word_1_227' title='bbox 226 3094 389 3176; x_wconf 71' lang='grc' dir='ltr'><strong><em>ἆμαρτὴμσέ</em></strong></span> <span class='ocrx_word' id='word_1_228' title='bbox 403 3100 430 3176; x_wconf 85' lang='grc'><strong><em>7)</em></strong></span> <span class='ocrx_word' id='word_1_229' title='bbox 453 3103 617 3176; x_wconf 75' lang='grc' dir='ltr'><strong><em>ἐπεξέρχεται</em></strong></span> <span class='ocrx_word' id='word_1_230' title='bbox 631 3101 675 3157; x_wconf 83' lang='grc' dir='ltr'><strong><em>καί</em></strong></span> <span class='ocrx_word' id='word_1_231' title='bbox 688 3097 752 3177; x_wconf 78' lang='grc' dir='ltr'><strong><em>μάλ’</em></strong></span> <span class='ocrx_word' id='word_1_232' title='bbox 770 3097 896 3178; x_wconf 83' lang='grc' dir='ltr'><strong><em>άκριβῶς,</em></strong></span> <span class='ocrx_word' id='word_1_233' title='bbox 920 3101 972 3158; x_wconf 90' lang='grc' dir='ltr'><strong><em>τῶν</em></strong></span> <span class='ocrx_word' id='word_1_234' title='bbox 987 3103 1014 3159; x_wconf 88' lang='grc' dir='ltr'><strong><em>δέ</em></strong></span> <span class='ocrx_word' id='word_1_235' title='bbox 1028 3101 1097 3160; x_wconf 82' lang='grc' dir='ltr'><strong><em>κατὰ</em></strong></span> <span class='ocrx_word' id='word_1_236' title='bbox 1115 3102 1178 3161; x_wconf 82' lang='grc' dir='ltr'><strong><em>νσῦν</em></strong></span> <span class='ocrx_word' id='word_1_237' title='bbox 1192 3126 1272 3175; x_wconf 71' lang='grc' dir='ltr'><strong><em>κεχω-</em></strong></span> 
     </span>
    </p>
   </div>
   <div class='ocr_carea' id='block_1_7' title="bbox 142 3359 1274 4191">
    <p class='ocr_par' dir='ltr' id='par_1_8' title="bbox 143 3359 1274 3501">
     <span class='ocr_line' id='line_1_27' title="bbox 220 3359 1274 3432; baseline 0.004 -20"><span class='ocrx_word' id='word_1_238' title='bbox 220 3363 242 3426; x_wconf 79' lang='grc'><strong><em>1)</em></strong></span> <span class='ocrx_word' id='word_1_239' title='bbox 261 3364 362 3429; x_wconf 82' lang='lat' dir='ltr'>Vulgo:</span> <span class='ocrx_word' id='word_1_240' title='bbox 388 3362 432 3412; x_wconf 88' lang='grc' dir='ltr'><strong><em>καὶ</em></strong></span> <span class='ocrx_word' id='word_1_241' title='bbox 446 3364 575 3425; x_wconf 74' lang='grc' dir='ltr'><strong><em>χειμῶνα,</em></strong></span> <span class='ocrx_word' id='word_1_242' title='bbox 602 3359 618 3429; x_wconf 83' lang='grc' dir='ltr'><em>ἢ</em></span> <span class='ocrx_word' id='word_1_243' title='bbox 642 3363 710 3413; x_wconf 77' lang='grc' dir='ltr'><strong><em>κατὰ</em></strong></span> <span class='ocrx_word' id='word_1_244' title='bbox 734 3362 781 3414; x_wconf 83' lang='grc' dir='ltr'><strong><em>τὸν</em></strong></span> <span class='ocrx_word' id='word_1_245' title='bbox 803 3360 887 3416; x_wconf 87' lang='grc' dir='ltr'><strong><em>σιίιτὸν</em></strong></span> <span class='ocrx_word' id='word_1_246' title='bbox 905 3367 1021 3428; x_wconf 75' lang='grc' dir='ltr'><strong><em>χειμῶνα</em></strong></span> <span class='ocrx_word' id='word_1_247' title='bbox 1038 3369 1140 3432; x_wconf 77' lang='lat' dir='ltr'><strong>scripsit</strong></span> <span class='ocrx_word' id='word_1_248' title='bbox 1157 3368 1274 3418; x_wconf 83' lang='lat' dir='ltr'>Herwer-</span> 
     </span>
     <span class='ocr_line' id='line_1_28' title="bbox 143 3453 252 3501; baseline -0.018 0"><span class='ocrx_word' id='word_1_249' title='bbox 143 3453 252 3501; x_wconf 78' lang='lat' dir='ltr'>deuius.</span> 
     </span>
    </p>

    <p class='ocr_par' dir='ltr' id='par_1_9' title="bbox 143 3531 1274 3685">
     <span class='ocr_line' id='line_1_29' title="bbox 214 3531 1274 3600; baseline 0.002 -16"><span class='ocrx_word' id='word_1_250' title='bbox 214 3532 344 3596; x_wconf 76' lang='lat' dir='ltr'>²)Etium</span> <span class='ocrx_word' id='word_1_251' title='bbox 367 3535 442 3584; x_wconf 79' lang='lat' dir='ltr'>nobis</span> <span class='ocrx_word' id='word_1_252' title='bbox 466 3535 533 3584; x_wconf 87' lang='lat' dir='ltr'><strong>male</strong></span> <span class='ocrx_word' id='word_1_253' title='bbox 557 3537 635 3598; x_wconf 81' lang='lat' dir='ltr'>repeti</span> <span class='ocrx_word' id='word_1_254' title='bbox 659 3537 776 3586; x_wconf 87' lang='lat' dir='ltr'>videntur</span> <span class='ocrx_word' id='word_1_255' title='bbox 803 3537 854 3585; x_wconf 84' lang='grc' dir='ltr'><strong><em>τῶν</em></strong></span> <span class='ocrx_word' id='word_1_256' title='bbox 882 3534 951 3585; x_wconf 80' lang='grc' dir='ltr'><strong><em>κατὰ</em></strong></span> <span class='ocrx_word' id='word_1_257' title='bbox 979 3535 1010 3586; x_wconf 86' lang='grc' dir='ltr'><strong><em>τὸ</em></strong></span> <span class='ocrx_word' id='word_1_258' title='bbox 1035 3531 1101 3585; x_wconf 80' lang='grc' dir='ltr'><strong><em>αὐτὸ</em></strong></span> <span class='ocrx_word' id='word_1_259' title='bbox 1132 3535 1184 3584; x_wconf 85' lang='grc' dir='ltr'><strong><em>κτλ.</em></strong></span> <span class='ocrx_word' id='word_1_260' title='bbox 1209 3551 1274 3600; x_wconf 81' lang='lat' dir='ltr'>quae</span> 
     </span>
     <span class='ocr_line' id='line_1_30' title="bbox 143 3619 568 3685; baseline -0.005 -13"><span class='ocrx_word' id='word_1_261' title='bbox 143 3620 250 3672; x_wconf 79' lang='lat' dir='ltr'>uncinis</span> <span class='ocrx_word' id='word_1_262' title='bbox 268 3621 346 3685; x_wconf 76' lang='lat' dir='ltr'>sepsit</span> <span class='ocrx_word' id='word_1_263' title='bbox 363 3619 568 3670; x_wconf 71' lang='lat' dir='ltr'>Herwerdenius.</span> 
     </span>
    </p>

    <p class='ocr_par' dir='ltr' id='par_1_10' title="bbox 142 3697 1269 3842">
     <span class='ocr_line' id='line_1_31' title="bbox 215 3697 1269 3772; baseline 0.002 -20"><span class='ocrx_word' id='word_1_264' title='bbox 215 3702 241 3766; x_wconf 81' lang='lat'><strong><em>³)</em></strong></span> <span class='ocrx_word' id='word_1_265' title='bbox 258 3699 295 3752; x_wconf 78' lang='grc' dir='ltr'><strong><em>τὰ</em></strong></span> <span class='ocrx_word' id='word_1_266' title='bbox 312 3697 338 3753; x_wconf 77' lang='grc' dir='ltr'><strong><em>δ’</em></strong></span> <span class='ocrx_word' id='word_1_267' title='bbox 349 3698 382 3760; x_wconf 70' lang='lat' dir='ltr'><strong><em>oie</em></strong></span> <span class='ocrx_word' id='word_1_268' title='bbox 394 3730 427 3738; x_wconf 97' lang='lat'>-</span> <span class='ocrx_word' id='word_1_269' title='bbox 444 3701 709 3772; x_wconf 78' lang='grc' dir='ltr'><strong><em>προσαναλαμβάνων</em></strong></span> <span class='ocrx_word' id='word_1_270' title='bbox 726 3707 823 3770; x_wconf 81' lang='lat' dir='ltr'>primus</span> <span class='ocrx_word' id='word_1_271' title='bbox 841 3708 1034 3757; x_wconf 78' lang='lat' dir='ltr'>Herwerdenius</span> <span class='ocrx_word' id='word_1_272' title='bbox 1053 3722 1084 3756; x_wconf 86' lang='lat' dir='ltr'><strong><em>ex</em></strong></span> <span class='ocrx_word' id='word_1_273' title='bbox 1097 3707 1269 3756; x_wconf 81' lang='lat' dir='ltr'>Ambrosiano</span> 
     </span>
     <span class='ocr_line' id='line_1_32' title="bbox 142 3790 364 3842; baseline -0.009 0"><span class='ocrx_word' id='word_1_274' title='bbox 142 3792 240 3842; x_wconf 84' lang='lat' dir='ltr'>codice</span> <span class='ocrx_word' id='word_1_275' title='bbox 258 3790 364 3840; x_wconf 37' lang='lat' dir='ltr'>addidit*</span> 
     </span>
    </p>

    <p class='ocr_par' dir='ltr' id='par_1_11' title="bbox 216 3871 1038 3940">
     <span class='ocr_line' id='line_1_33' title="bbox 216 3871 1038 3940; baseline 0.002 -15"><span class='ocrx_word' id='word_1_276' title='bbox 216 3873 242 3937; x_wconf 75' lang='lat'><strong><em>⁴)</em></strong></span> <span class='ocrx_word' id='word_1_277' title='bbox 259 3877 365 3936; x_wconf 81' lang='lat' dir='ltr'>Inserit,</span> <span class='ocrx_word' id='word_1_278' title='bbox 384 3876 454 3939; x_wconf 86' lang='lat' dir='ltr'>quod</span> <span class='ocrx_word' id='word_1_279' title='bbox 472 3891 526 3925; x_wconf 89' lang='lat' dir='ltr'><strong><em>non</em></strong></span> <span class='ocrx_word' id='word_1_280' title='bbox 544 3891 609 3940; x_wconf 80' lang='lat' dir='ltr'>opus</span> <span class='ocrx_word' id='word_1_281' title='bbox 628 3883 676 3936; x_wconf 83' lang='lat' dir='ltr'>est,</span> <span class='ocrx_word' id='word_1_282' title='bbox 694 3871 819 3940; x_wconf 75' lang='grc' dir='ltr'><strong><em>ἀλλήλους</em></strong></span> <span class='ocrx_word' id='word_1_283' title='bbox 837 3877 1038 3927; x_wconf 84' lang='lat' dir='ltr'>Herwerdenius.</span> 
     </span>
    </p>

    <p class='ocr_par' dir='ltr' id='par_1_12' title="bbox 142 3955 1274 4111">
     <span class='ocr_line' id='line_1_34' title="bbox 217 3955 1274 4027; baseline -0.004 -17"><span class='ocrx_word' id='word_1_284' title='bbox 217 3958 243 4022; x_wconf 78' lang='lat'><strong><em>⁶)</em></strong></span> <span class='ocrx_word' id='word_1_285' title='bbox 262 3960 360 4010; x_wconf 83' lang='lat' dir='ltr'>Oodd.:</span> <span class='ocrx_word' id='word_1_286' title='bbox 380 3956 624 4026; x_wconf 77' lang='grc' dir='ltr'><strong><em>ἐπιμνησθήσομαι,</em></strong></span> <span class='ocrx_word' id='word_1_287' title='bbox 642 3962 851 4012; x_wconf 84' lang='lat' dir='ltr'>Herwerdenius:</span> <span class='ocrx_word' id='word_1_288' title='bbox 871 3955 902 4010; x_wconf 79' lang='grc' dir='ltr'><strong><em>ἐτ’</em></strong></span> <span class='ocrx_word' id='word_1_289' title='bbox 929 3957 1175 4027; x_wconf 78' lang='grc' dir='ltr'><strong><em>ἐπιμνησθήσομαι,</em></strong></span> <span class='ocrx_word' id='word_1_290' title='bbox 1200 3961 1274 4010; x_wconf 87' lang='lat' dir='ltr'>nobis</span> 
     </span>
     <span class='ocr_line' id='line_1_35' title="bbox 142 4045 832 4111; baseline 0.001 -14"><span class='ocrx_word' id='word_1_291' title='bbox 142 4047 296 4106; x_wconf 67' lang='lat' dir='ltr'>sufficiunt,</span> <span class='ocrx_word' id='word_1_292' title='bbox 315 4060 380 4108; x_wconf 81' lang='lat' dir='ltr'>quae</span> <span class='ocrx_word' id='word_1_293' title='bbox 395 4045 451 4109; x_wconf 81' lang='lat' dir='ltr'><strong><em>jam</em></strong></span> <span class='ocrx_word' id='word_1_294' title='bbox 468 4046 619 4111; x_wconf 80' lang='lat' dir='ltr'>Sylburgius</span> <span class='ocrx_word' id='word_1_295' title='bbox 637 4055 705 4096; x_wconf 83' lang='lat' dir='ltr'>recte</span> <span class='ocrx_word' id='word_1_296' title='bbox 722 4049 832 4111; x_wconf 79' lang='lat' dir='ltr'>scripsit.</span> 
     </span>
    </p>

    <p class='ocr_par' dir='ltr' id='par_1_13' title="bbox 216 4117 802 4191">
     <span class='ocr_line' id='line_1_36' title="bbox 216 4117 802 4191; baseline 0.005 -14"><span class='ocrx_word' id='word_1_297' title='bbox 216 4126 242 4191; x_wconf 76' lang='lat'><strong><em>⁶)</em></strong></span> <span class='ocrx_word' id='word_1_298' title='bbox 261 4117 308 4178; x_wconf 74' lang='grc' dir='ltr'><strong><em>οὖν</em></strong></span> <span class='ocrx_word' id='word_1_299' title='bbox 326 4131 460 4180; x_wconf 79' lang='lat' dir='ltr'>obsecutus</span> <span class='ocrx_word' id='word_1_300' title='bbox 478 4132 583 4182; x_wconf 81' lang='lat' dir='ltr'>Reiskio</span> <span class='ocrx_word' id='word_1_301' title='bbox 602 4131 701 4181; x_wconf 78' lang='lat' dir='ltr'>addidit</span> <span class='ocrx_word' id='word_1_302' title='bbox 717 4133 802 4182; x_wconf 85' lang='lat' dir='ltr'><strong>Herw.</strong></span> 
     </span>
    </p>
   </div>
   <div class='ocr_carea' id='block_1_8' title="bbox 196 4210 880 4355">
    <p class='ocr_par' dir='ltr' id='par_1_14' title="bbox 196 4210 880 4355">
     <span class='ocr_line' id='line_1_37' title="bbox 216 4210 880 4281; baseline 0.003 -17"><span class='ocrx_word' id='word_1_303' title='bbox 216 4213 244 4277; x_wconf 83' lang='lat'><strong><em>⁷)</em></strong></span> <span class='ocrx_word' id='word_1_304' title='bbox 260 4215 346 4265; x_wconf 85' lang='lat' dir='ltr'><strong>Herw.</strong></span> <span class='ocrx_word' id='word_1_305' title='bbox 364 4210 447 4279; x_wconf 80' lang='grc' dir='ltr'><strong><em>αὐτῆς</em></strong></span> <span class='ocrx_word' id='word_1_306' title='bbox 465 4217 589 4268; x_wconf 73' lang='lat' dir='ltr'>excidisse</span> <span class='ocrx_word' id='word_1_307' title='bbox 607 4218 656 4266; x_wconf 84' lang='lat' dir='ltr'><strong><em>hoe</em></strong></span> <span class='ocrx_word' id='word_1_308' title='bbox 674 4218 733 4266; x_wconf 84' lang='lat' dir='ltr'>loeo</span> <span class='ocrx_word' id='word_1_309' title='bbox 753 4219 880 4281; x_wconf 76' lang='lat' dir='ltr'>opinatur.</span> 
     </span>
     <span class='ocr_line' id='line_1_38' title="bbox 196 4308 432 4355; baseline -0.008 -6"><span class='ocrx_word' id='word_1_310' title='bbox 196 4308 324 4355; x_wconf 76' lang='grc' dir='ltr'><strong><em>Βὸειλετ,</em></strong></span> <span class='ocrx_word' id='word_1_311' title='bbox 339 4308 432 4347; x_wconf 77' lang='lat' dir='ltr'><strong><em>Dissert.</em></strong></span> 
     </span>
    </p>
   </div>
   <div class='ocr_carea' id='block_1_9' title="bbox 0 0 1539 4790">
    <p class='ocr_par' dir='ltr' id='par_1_15' title="bbox 0 0 1539 4790">
     <span class='ocr_line' id='line_1_39' title="bbox 0 0 1539 4790; baseline 0 0"><span class='ocrx_word' id='word_1_312' title='bbox 0 0 1539 4790; x_wconf 95' lang='lat' dir='ltr'><strong><em> </em></strong></span> 
     </span>
    </p>
   </div>
  </div>
 </body>
</html>
