3042 4790
233 1570 314 1652 Cum
343 1595 420 1652 inter
446 1594 534 1669 lmjus
561 1593 665 1652 aetatis
692 1593 860 1668 philologos
891 1591 943 1649 vix
974 1591 1107 1666 cuiquam
1137 1591 1257 1648 dubium

140 1708 191 1778 sit,
221 1707 291 1780 quin
321 1705 359 1760 ad
388 1712 466 1762 recte
501 1703 682 1760 aestimanda
713 1703 820 1759 atticae
853 1701 1037 1775 eloquentiae
1070 1712 1260 1761 monumenta

140 1835 283 1874 summum
314 1814 519 1890 adjumentum
547 1811 633 1870 nobis
661 1820 741 1868 extet
767 1811 797 1868 iu
825 1811 963 1887 Dionysii
991 1811 1259 1870 Halicarnassensis

141 1926 256 2001 scriptis
283 1924 451 1995 rhetoricis,
483 1931 581 1979 tamen
609 1930 676 1996 post
702 1920 852 1998 Sylburgii
885 1929 914 1978 et
939 1921 1053 1979 Reislrii
1084 1941 1200 1997 operam
1229 1924 1259 1981 iu

141 2033 296 2094 verborum
321 2043 401 2092 textu
426 2035 463 2091 ad
485 2035 566 2109 leges
582 2032 699 2090 criticae
719 2031 790 2088 artis
811 2031 994 2088 emendando
1011 2040 1040 2089 et
1054 2033 1261 2092 constituendo

141 2148 327 2217 collocatam,
346 2151 548 2220 praeterquam
570 2143 650 2217 qued
666 2142 848 2199 Hervverden
870 2161 885 2198 e
902 2141 1050 2199 codicibus
1066 2144 1192 2202 maxime
1207 2146 1262 2203 ita·

142 2255 207 2314 licis
223 2264 280 2312 tres
291 2254 428 2331 Dionysii
445 2253 583 2328 epistolas
599 2252 703 2323 edidit,
718 2271 812 2327 paene
828 2251 903 2308 nihil
918 2252 1081 2326 profectum
1099 2263 1151 2310 cst.
1182 2253 1262 2328 Quo-

143 2366 221 2422 niam
246 2364 447 2422 recentissima
468 2364 596 2421 maxima
619 2362 747 2419 virorum
772 2362 925 2420 doctorum
949 2359 1140 2436 specimina1)
1164 2365 1262 2423 denuo

142 2475 330 2546 declararint,
362 2484 472 2548 quanto
497 2473 593 2530 fructu
623 2472 709 2530 etiam
741 2479 886 2529 nostrates
916 2451 1008 2529 critici
1035 2481 1064 2530 et
1088 2474 1262 2549 interpretes

143 2604 316 2661 graecorum
333 2595 480 2642 oratorum
499 2583 612 2658 judicio
629 2582 766 2658 Dionysii
788 2589 921 2654 utantur,
943 2582 994 2638 vix
1017 2583 1150 2658 pluribus
1165 2585 1263 2642 verbis

142 2714 218 2770 opus
239 2703 283 2752 est
302 2695 408 2769 quibus
428 2713 479 2769 per
493 2693 713 2752 excusationem
730 2693 877 2766 quandam
902 2693 1090 2751 ostendamus
1112 2713 1173 2751 non
1200 2696 1264 2753 sine

139 2806 207 2881 jure
228 2805 326 2879 aliquo
346 2823 401 2862 nos
417 2804 447 2860 in
464 2804 631 2879 colligenda
647 2811 675 2861 et
690 2802 876 2877 disponenda
891 2803 1029 2878 Dionysii
1045 2805 1170 2861 rhetoris
1187 2805 1264 2882 frag-

143 2925 244 2974 menta
265 2915 423 2973 contulisse
446 2914 573 2972 studium
597 2923 625 2971 et
641 2933 768 2988 operam.
804 2913 906 2987 Atque
922 2912 999 2968 viam
1016 2915 1160 2986 quandam
1178 2917 1265 2992 hujus

142 3025 404 3084 commentationis
424 3023 509 3081 nobis
525 3023 649 3099 praeivit
664 3043 749 3098 quem
765 3023 854 3080 modo
870 3023 1053 3081 laudavimus
1068 3025 1116 3082 Fr.
1133 3025 1265 3084 Blassius

142 3135 175 3194 in
205 3135 410 3193 dissertatione
440 3136 476 3193 de
505 3134 644 3211 Dionysii
672 3133 941 3192 Halicarnassensis
970 3133 1085 3208 scriptis
1114 3136 1266 3194 rhetoricis

142 3265 231 3321 quam
255 3246 349 3303 edidit
369 3245 494 3303 Bonuee
517 3263 596 3302 anno
621 3242 929 3305 CIOIOCCCLXIII.
974 3241 1048 3302 (lum
1077 3254 1211 3304 accurate
1238 3256 1267 3304 et

142 3357 280 3414 sollerter
302 3355 506 3431 disputaverit,
537 3355 653 3430 saepius
684 3355 747 3430 ejus
777 3355 916 3412 laudandi
947 3354 978 3411 in
1009 3355 1063 3412 hac
1094 3356 1266 3429 quaestione

141 3466 231 3524 nobis
253 3467 335 3524 locus
358 3466 421 3523 erit.
457 3466 528 3523 Non
550 3466 674 3522 multum
697 3484 752 3522 nos
774 3465 951 3541 adjuverunt
970 3464 1103 3539 quiante
1119 3465 1267 3524 Blassium

142 3577 176 3634 in
193 3576 331 3652 Dionysii
341 3576 609 3634 Halicarnassensis
624 3575 731 3650 scripta
745 3576 892 3633 rhetorica
906 3575 1136 3650 inquisiverunt3
1151 3585 1267 3650 praesto

142 3687 219 3744 mihi
242 3687 360 3744 fuerunt
383 3687 414 3744 hi
436 3687 518 3743 libri:
547 3688 586 3744 A.
609 3685 647 3745 G.
671 3685 795 3744 Beckeri
823 3685 919 3743 versio
942 3685 1010 3744 libri
1032 3685 1209 3762 Dionysiani
1232 3688 1267 3744 de

219 3867 237 3933 ¹)
257 3871 286 3918 ln
305 3872 391 3920 aruino
410 3869 493 3918 habeo
514 3869 635 3918 Friderici
654 3869 745 3918 Blassii
763 3868 923 3932 potissimum
941 3869 1049 3932 scripta:
1068 3869 1098 3917 de
1111 3868 1268 3918 Graecorum

141 3957 178 4006 ab
198 3955 338 4004 Alexandri
356 3963 438 4004 aetate
457 3967 536 4018 usque
554 3955 586 4002 ad
605 3955 750 4016 Augustum
768 3954 925 4016 eloquentia,
944 3954 987 4016 qui
1006 3953 1069 4002 liber
1087 3954 1182 4017 prodiit
1199 3969 1268 4002 anno

141 4039 352 4100 MDCCCLXV,
371 4051 395 4089 et
417 4040 508 4088 atticae
526 4040 687 4102 eloquentiae
704 4037 737 4087 ab
750 4037 849 4100 Gorgia
867 4053 947 4101 usquc
966 4039 997 4086 ad
1011 4038 1116 4100 Lysiam
1129 4039 1269 4087 enarratio·

142 4141 205 4175 nem
224 4140 290 4187 quae
308 4126 405 4189 prodiit
422 4125 502 4174 tribus
521 4126 595 4173 annis
613 4135 678 4188 post.

200 4216 299 4262 thssler,
315 4216 408 4257 Dissert.
1053 4207 1064 4254 l
