3042 4790
667 365 878 426 ..29-

300 535 369 611 Περλ
395 529 420 590 δ’
431 529 581 610 Ἡροδότου
612 533 657 589 καί
685 531 856 606 Ξενοφῶντος
884 529 1033 607 ἐβουλήθης
1059 537 1160 608 μαθεῖν
1188 536 1246 590 τίνα
1277 535 1337 609 περὶ

216 641 301 704 αὐτῶν
322 641 456 719 ὑπόληψιν
478 645 528 715 ἔχω
549 643 594 700 καί
615 640 720 720 γράψαι
741 666 773 718 με
795 644 856 718 περὶ
878 637 971 700 αὐτῶν.
983 643 1009 717 1)
1053 646 1194 715 Πεποίηκοι
1215 638 1284 700 τοῦτ’
1311 649 1338 700 ἐν

214 755 250 832 τῷ
279 752 304 830 β’
331 741 383 812 τῶν
410 753 477 832 πρὸς
503 751 653 830 Δημήτριον
683 749 927 829 ὑπομνηματισμῶν
957 754 1018 830 περὶ
1046 750 1184 829 μιμήσεως.
1232 750 1338 811 Τούτων

215 863 230 924 ὃ
255 869 303 941 μέν
328 863 434 942 πρῶτος
462 859 542 935 αὐτὴν
567 845 714 940 περιείληφε
740 861 787 935 τήν
813 863 873 940 περὶ
898 861 944 935 τῆς
968 861 1100 939 μιμήσεως
1121 860 1236 936 ζήτησιν·
1269 860 1284 922 ὃ
1311 865 1338 921 δέ

215 973 335 1052 δεύτερος
356 975 417 1051 περὶ
438 974 488 1031 τοῦ
510 977 581 1038 τίνας
597 969 693 1051 όίνδρας
707 979 851 1050 μιμεῖσθαι
866 975 914 1040 δεῖ,
937 970 1049 1045 ποιητός
1063 997 1091 1032 τε
1110 975 1155 1031 καί
1174 971 1339 1048 φιλοσόφους

214 1087 292 1158 καλέ)
326 1081 551 1161 ἱστοριογράφους
574 1085 619 1140 καλ
641 1081 766 1162 ῥήτορας,
799 1080 814 1141 ὃ
845 1085 989 1160 δέ’τρίτος
1014 1085 1074 1160 περί
1104 1083 1189 1158 106³)
1220 1084 1276 1148 πῶς
1302 1085 1341 1140 δεῖ

213 1201 366 1272 μιμεῖσθαι,
391 1185 470 1258 οὗτος
491 1190 516 1250 δ’
540 1190 637 1266 ἀτελής.
677 1189 722 1251 ’Ἐν
745 1195 771 1251 δὲ
794 1192 830 1268 τῷ
852 1195 962 1270 δευτέρῳ
983 1196 1044 1270 περὶ
1062 1190 1215 1270 Ἡροδότου
1240 1217 1268 1250 τε
1294 1195 1339 1251 καί

221 1307 382 1363 Θουκυδίδου
411 1305 455 1360 καί
478 1303 648 1378 Ξενοφῶντος
678 1306 722 1361 καὶ
748 1307 873 1362 Φιλίστου
899 1306 944 1361 καί
972 1302 1137 1381 Θεοπόμπου
1163 1341 1206 1348 -
1227 1301 1339 1368 τούτους

218 1413 272 1494 γόρ
302 1417 406 1491 ἐκκρίνω
433 1411 495 1476 τοὺς
523 1409 621 1490 όίνδρας
649 1409 721 1489 0334)
753 1415 789 1479 εἷς
813 1418 920 1490 μίμησιν
953 1413 1177 1486 ἐπιτηδειοτάτους
1206 1450 1250 1460 -
1277 1413 1340 1472 τάδε

213 1523 323 1604 γράφω·
367 1525 400 1581 Εἰ
427 1525 454 1581 δέ
483 1525 522 1581 δεῖ
545 1518 591 1581 καλ
616 1526 677 1600 περὶ
704 1520 790 1583 nituit*
825 1524 918 1593 εἰπεῖν,
950 1527 1010 1602 περὶ
1042 1529 1089 1600 μέν
1113 1522 1262 1602 Ἡροδότου
1295 1527 1341 1584 καὶ

216 1636 379 1693 Θουκυδίδου
400 1632 485 1690 ταῦτα
507 1633 610 1710 φρονῶ·
633 1634 741 1711 πρῶτον
763 1633 779 1692 ὅ
800 1659 825 1692 τι
847 1638 892 1691 καί
912 1633 1006 1708 σχεδόν
1029 1631 1240 1712 ἀναγκαιότατον
1261 1637 1340 1714 ἔργον

215 1741 341 1802 ἁπάντων
368 1745 423 1801 ἐστί
449 1750 503 1808 τοῖς
528 1741 665 1822 γράφουσι
692 1742 817 1821 πόσαςῧ)
849 1747 979 1822 ἱστορίας,
1010 1742 1146 1803 ότόθεσιν
1176 1750 1341 1811 ἐκλέξασθαι

212 1853 296 1926 καλήν
322 1856 367 1911 καί
393 1859 579 1931 κεχαρισμένην
608 1861 663 1918 τοῖς
690 1852 919 1933 ἀναγνωσομένοις
944 1851 1024 1914 τοῦθ’
1051 1851 1198 1932 Ἡρόδοτος
1225 1853 1341 1934 κρεῖττόν

213 1990 262 2042 μοι
293 1965 365 2022 δοκεῖ
383 1969 552 2036 πεποιηκέναι
582 1966 750 2023 Θουκυδίδου.
792 1961 903 2030 Ἐκεῖνος
930 1971 978 2042 μὲν
1002 1964 1055 2044 γὰρ
1081 1964 1169 2040 κοινήν
1192 1964 1342 2039 Ἑλληνικῶν

212 2100 243 2133 τε
270 2077 317 2132 καί
343 2076 510 2153 βαρβαρικῶν
536 2073 657 2153 πράξεων
684 2073 832 2148 ἐξενήνοχεν
859 2078 980 2153 ἱστορίαν
1005 2073 1040 2141 ὦς
1064 2075 1128 2154 μήτε
1154 2075 1187 2134 τόι
1213 2075 1341 2156 γενόμενα

212 2191 243 2252 ἐξ
271 2183 424 2262 ἀνθρώπων
450 2189 551 2256 ἐξίτηλα
577 2190 683 2264 γένηται
710 2183 773 2259 μήτε
801 2187 897 2264 έργαθ)
927 2184 1038 2264 (μεγάλα
1064 2211 1091 2245 τε
1117 2189 1162 2244 καὶ
1187 2187 1342 2263 θωῦμαστόι

212 2294 248 2354 τόι
269 2301 317 2372 μὲν
334 2295 436 2367 Ἕλλησι
455 2293 488 2352 τό
509 2297 537 2352 δέ
562 2293 736 2384 βαρβάροισιν
752 2293 938 2369 ἀποδεχθέντα
955 2293 1033 2354 cinisii
1047 2300 1163 2376 γένηται)
1180 2295 1308 2376 καθάπερ
1317 2301 1340 2372 ⁷)

215 2403 299 2470 αὐτὸς
320 2411 411 2482 εἴρηκε.
460 2403 497 2462 Τό
526 2403 578 2483 γὰρ
607 2401 672 2463 αὐτὸ
696 2404 838 2483 προοίμιόν
863 2431 891 2465 τε
914 2408 970 2484 [καί
991 2403 1104 2485 ἆρχήμ)
1128 2409 1172 2464 καί
1193 2413 1266 2473 τέλος
1283 2410 1343 2495 ’ἐστὶ

212 2517 262 2588 τῆς
289 2518 414 2592 ἱστορίας,
456 2511 485 2572 tO
511 2517 539 2572 δὲ
568 2518 726 2590 Θουκυδίδης
753 2514 870 2592 πόλεμον
899 2518 943 2574 ἕνα
970 2515 1066 2594 γράφει
1093 2519 1138 2575 καί
1163 2517 1259 2576 τοῦτον
1282 2515 1342 2576 σι’ίτε
1372 2531 1376 2538 ’

212 2625 297 2684 καλόν
320 2622 372 2684 οὔτ’
398 2621 503 2698 εὐτυχῆ·
528 2621 558 2688 Sc
578 2622 694 2700 μάλιστα
715 2623 919 2704 pertinuisset}
934 2633 1078 2706 γενέσθαι·
1102 2628 1126 2686 εἶ
1140 2627 1230 2705 δὲμὴ,
1253 2629 1341 2704 σιωπῇ

289 2899 310 2961 ¹)
329 2899 408 2949 Codd.
428 2900 536 2948 hubent:
556 2894 643 2947 αὐτῶν
662 2896 809 2964 ἐβουλήθης
828 2898 963 2965 πεποίηκα
981 2899 1026 2950 καί
1042 2901 1122 2950 τοῦτο
1136 2897 1172 2957 εἰς
1184 2897 1343 2966 Δημήτριον
1379 2941 1384 2946 .

215 2979 464 3048 ίιπομνηματισμόν.
501 2985 696 3035 Herwerdenius
719 2994 776 3036 ante
803 2983 952 3051 ἐβουλήθης
975 2987 1081 3036 inseruit
1105 2980 1119 3034 δ
1145 2985 1186 3048 δὲ,
1213 3003 1261 3036 nos
1285 3003 1343 3037 eunt

211 3074 352 3132 Krnegero
365 3070 536 3133 expunximus
550 3065 712 3134 ἐβουλήθης,
731 3074 863 3135 sequentia
874 3073 952 3121 verbu
963 3072 1158 3122 Herwerdenins
1170 3073 1207 3121 sie
1220 3057 1342 3122 conexit:

211 3152 354 3217 πτποίηκα
371 3151 440 3200 κατὰ
457 3151 517 3209 τοὺς
536 3152 604 3221 πρδς
622 3151 748 3223 Δημήτρ.
777 3135 1037 3217 ὑπομνηματισμούς.

286 3237 310 3301 ²)
329 3237 374 3286 καὶ
392 3249 490 3288 secutus
508 3241 719 3290 Herwerdenium
737 3242 833 3291 addidi.

285 3324 309 3387 ³)
328 3323 454 3390 περὶτοῦ
472 3325 559 3374 abesse
577 3327 672 3376 mavult
689 3327 892 3376 Heuuerdenius.

289 3408 313 3473 ί)
333 3404 365 3465 ὡς
391 3410 501 3474 conjecit
526 3412 644 3460 Reiskius
671 3413 816 3476 addendum
842 3427 909 3472 esse,
940 3413 967 3460 in
997 3419 1095 3460 textum
1120 3413 1260 3476 recepimus
1286 3429 1344 3462 eum
1426 3401 1434 3416 ’

215 3497 416 3550 Herwerdenio.
1027 3546 1029 3550 ,

286 3579 310 3642 ⁶)
330 3577 420 3634 πάσας
444 3581 532 3629 inserit
555 3587 617 3630 teste
640 3580 837 3641 Herwerdeni0‚
867 3582 911 3644 qui
935 3581 1036 3630 codices
1059 3581 1144 3630 denuo
1169 3581 1277 3630 contulit
1302 3583 1342 3631 vel

207 3671 315 3736 primus
334 3667 459 3730 inspexit,
478 3667 562 3714 codex
581 3666 693 3730 optimae
711 3673 789 3716 notae
806 3667 998 3716 Ambrosianus.

285 3749 309 3812 6)
336 3752 423 3813 Vulgo
450 3747 485 3796 τὰ
508 3749 584 3815 ἔργα,
611 3752 636 3799 id
656 3751 725 3813 quod
744 3766 826 3813 neque
850 3752 998 3801 Herodotus
1022 3751 1099 3799 hebet
1126 3765 1207 3814 neque
1233 3749 1344 3800 Ambro-

206 3844 304 3892 sianus
324 3833 442 3897 (Herna).

285 3921 309 3983 ⁷)
339 3921 426 3984 Vulgo
446 3925 491 3967 καὶ
508 3915 591 3986 ἅπερ,
619 3923 687 3984 quod
707 3921 810 3970 retinuit
828 3935 886 3970 eum
908 3921 1012 3971 Reiskio
1032 3922 1191 3985 hungerus,
1218 3914 1344 3986 καθάπερ

203 4021 284 4064 recte
302 4007 404 4070 scripsit
420 4005 475 4068 jam
493 4006 654 4071 Sylburgius.

287 4090 308 4153 ⁸)
330 4089 375 4138 καὶ
393 4084 462 4156 ἀρχή
481 4092 552 4140 uncis
564 4091 667 4140 inclusit
680 4093 776 4152 He1·w.,
796 4107 871 4154 quem
889 4093 950 4154 quin
969 4093 1040 4154 sequi
1052 4091 1157 4140 debeam
1176 4105 1229 4139 nou
1247 4089 1345 4140 dubito.
