3042 4790
585 336 774 406 ..g-

133 517 255 574 videmur
288 536 348 574 non
375 515 483 591 injuria
510 525 611 574 contra
643 517 721 575 illius
748 517 924 574 sententiam
953 518 1127 593 disputaturi
1155 539 1242 594 quae·

132 627 243 684 stionem
260 627 296 684 de
314 635 443 700 tempore
466 646 524 701 quo
548 627 658 703 singuli
679 628 746 686 libri
769 628 868 702 scripti
892 628 951 685 sint
972 637 1146 704 repetemus.
1184 629 1241 689 Sed

133 738 323 795 existimamus
348 737 475 820 etiam‘a
497 737 583 796 nobis
605 746 684 796 recte
706 739 891 814 praemoneri
914 757 987 813 quae
1007 739 1057 798 ille
1078 739 1124 796 vir
1138 741 1241 798 doctus

132 849 163 905 de
176 848 286 906 ratione
302 848 482 922 quaestionis
499 849 534 906 de
557 847 741 923 singulorum
757 845 929 924 scriptorum
947 857 1078 923 tempore
1094 859 1123 906 et
1138 851 1241 908 ordine

131 957 318 1016 instituendae
340 957 496 1015 stabilivit:
526 977 643 1015 omnem
667 959 893 1035 argumentandi
917 968 945 1016 et
968 961 1161 1018 concludendi
1184 981 1243 1020 ma·

130 1067 221 1124 leriam
245 1069 338 1125 solum
362 1069 517 1142 petendam
541 1087 604 1126 esse
632 1087 668 1125 ex
695 1069 786 1144 ipsius
809 1070 947 1146 Dionysii
972 1069 1145 1128 testimoniis
1169 1090 1243 1145 quae

129 1178 157 1234 in
176 1178 293 1236 servatis
316 1177 379 1253 ejus
401 1177 483 1236 libris
499 1187 612 1250 extent,
635 1179 736 1254 utique
752 1199 822 1237 vero
838 1181 1045 1238 abstinendum
1067 1181 1243 1255 conjecturis

129 1307 193 1362 quas
221 1288 286 1362 quis
315 1297 348 1346 ut
374 1309 411 1347 ex
437 1289 499 1354 vita
525 1290 652 1346 auctoris
680 1290 750 1347 satis
777 1291 842 1348 altis
870 1291 1001 1360 tenebris
1029 1294 1133 1349 obruta
1156 1301 1184 1348 et
1207 1311 1243 1349 ex

100 1398 182 1476 'loci
210 1408 315 1455 natura
347 1418 404 1473 quo
436 1400 535 1473 aliquo
571 1400 712 1474 temporis
749 1410 899 1458 momento
931 1401 1092 1477 Dionysius
1129 1410 1244 1476 poterat

128 1509 293 1566 commorari
321 1509 430 1568 faceret
451 1510 637 1568 Weismenni
667 1512 803 1585 exemplo
833 1511 930 1584 facilc,
960 1521 1043 1586 puto,
1074 1512 1242 1571 deducatur.

127 1619 225 1694 Itaque
253 1638 308 1676 nos
336 1639 453 1694 quoque
480 1637 655 1694 seponamus
683 1641 798 1678 omnem
829 1622 864 1679 de
893 1621 953 1678 vita
980 1621 1118 1698 Dionysii
1145 1623 1243 1697 dispu-

127 1729 273 1800 tationem,
303 1749 376 1804 quae
405 1749 470 1787 cum
499 1730 670 1806 diligentem
700 1733 899 1806 cognitionem
929 1732 1015 1789 etiam
1039 1733 1242 1790 historicorum

126 1841 292 1915 scriptorum
326 1841 502 1914 postularet,
534 1860 572 1898 ne
604 1841 709 1898 virium
742 1851 906 1900 nostrarum
943 1851 973 1900 et
1003 1842 1146 1917 propositi
1176 1843 1243 1900 finis

126 1951 276 2008 terminum
298 1951 552 2025 transgrederetur
574 1942 756 2010 verebamur.
794 1954 835 2012 Ut
858 1953 943 2010 etiam
968 1954 1024 2010 hoc
1043 1952 1243 2027 praemittam:

125 2061 201 2136 quod
223 2060 356 2119 Blassius
379 2061 456 2118 inter
470 2062 617 2118 rhetorica
632 2062 770 2138 Dionysii
790 2063 897 2137 scripta
913 2081 948 2120 ea
964 2063 1104 2121 discernit
1119 2083 1243 2138 quorum

124 2190 200 2228 mere
222 2171 399 2230 rhetoricum
424 2179 454 2228 et
476 2191 598 2246 quorum
626 2172 757 2230 criticum
786 2172 879 2248 magis
907 2181 935 2230 et
961 2159 1184 2249 philologicum‚
1211 2181 1245 2231 ut

124 2281 177 2353 ait,
198 2288 402 2357 argumentum
419 2290 475 2353 est,
499 2283 570 2339 haec
586 2281 679 2339 futilis
696 2283 802 2341 divisio
819 2292 874 2356 est,
896 2303 981 2358 quam
998 2304 1085 2341 nemo
1101 2303 1243 2359 prospero

126 2401 231 2450 eventu
262 2398 429 2466 sequetur.'
460 2392 609 2450 Absoluta
645 2393 680 2449 dc
716 2393 900 2469 singulorum
935 2395 1076 2451 librorum
1113 2402 1244 2468 tempore

125 2503 295 2577 quaestione
325 2503 503 2561 ascribemus
535 2521 610 2576 quae
642 2503 807 2560 invenimus
844 2503 1007 2579 fragmenta
1042 2514 1071 2562 et
1104 2505 1245 2562 addemus

126 2632 199 2688 quac
220 2613 258 2670 ad
282 2613 456 2688 explicanda
477 2613 529 2670 illa
551 2613 716 2670 necessaria
738 2613 875 2671 videntur
897 2633 970 2672 esse.

204 2722 308 2796 ¹Atque
330 2723 425 2798 primo
447 2724 514 2780 loco
538 2741 604 2780 cum
620 2723 735 2780 Blassio
758 2724 874 2799 litigare
898 2725 934 2782 de
950 2734 1081 2800 tempore
1097 2727 1245 2795 debemus,
1290 2749 1293 2758 ⁴

122 2852 181 2907 quo
213 2833 361 2891 existimat
387 2832 527 2908 Dionysii
554 2835 590 2891 de
618 2834 831 2908 compositione
857 2839 1014 2894 verborum
1040 2837 1146 2893 librum
1176 2855 1246 2894 con-

120 2943 231 3001 fectum
248 2961 320 3001 esse.
357 2943 520 3019 Dionysius
542 2943 633 3018 igitur
655 2945 719 3018 ipse
742 2945 829 3020 hujus
853 2946 950 3020 operis
972 2946 1152 3004 mentionem
1176 2946 1247 3004 fecit

119 3053 152 3110 in
175 3054 244 3112 libri
266 3055 302 3112 de
324 3055 528 3112 Demosthene
551 3072 574 3112 e.
598 3052 637 3113 49
662 3074 688 3129 p.
711 3054 792 3114 1106
814 3055 866 3113 R.:
889 3053 911 3108 εἶ
933 3053 961 3109 δέ
981 3073 1019 3115 τις
1042 3047 1183 3124 ἀπαιτήσει
1202 3053 1247 3108 καὶ

117 3155 193 3218 ταῦτ’
227 3161 264 3216 ἔτι
289 3165 390 3234 μαθεῖν
413 3156 431 3216 di
459 3157 494 3236 μή
520 3155 579 3218 ποτ’
609 3161 659 3218 ἴδει
688 3157 752 3224 τοὺς
781 3157 1034 3237 ὑπομνηματισμοὺς
1058 3158 1131 3236 ἡμῶν
1160 3159 1247 3236 λαβὼν

118 3266 168 3334 οὓς
195 3271 256 3347 περὶ
284 3269 330 3340 τῆς
355 3274 508 3334 συνθέσεως
533 3269 585 3328 τῶν
614 3267 751 3346 ὀνομάτων
779 3269 1045 3350 πεπραγματεύμεθα
1075 3267 1160 3329 πάνθ’
1193 3271 1246 3330 ὅσα

115 3386 209 3439 ποθεῖ
235 3379 287 3437 τῶν
316 3378 415 3438 ἐνθάδε
437 3385 671 3458 παραλειπομένων
693 3387 791 3439 εἴσεται
822 3398 849 3444 et
877 3407 938 3462 cap.
966 3387 1005 3446 50
1035 3407 1060 3462 p.
1088 3386 1163 3443 1111
1194 3388 1246 3444 R:

114 3489 166 3556 τὰς
189 3493 220 3549 δέ
241 3493 301 3568 περὶ
322 3489 419 3550 τούτου
440 3492 489 3550 (οὗ
510 3496 607 3568 μέρους
627 3495 727 3556 πίστεις
748 3499 775 3550 ἐν
796 3499 851 3557 τοῖς
872 3495 933 3570 περὶ
953 3492 999 3564 τῆς
1013 3497 1165 3557 συνθέσεως
1178 3517 1245 3570 γρα-

113 3608 208 3677 φεῖσιν
231 3597 405 3667 ἀποδεδωκὼς
428 3598 475 3660 criu
498 3599 643 3680 αναγκαῖον
664 3599 783 3681 ἡγοῦμαι
803 3600 946 3662 κάνταῦθα
973 3608 1063 3681 λέγειν.
1108 3606 1248 3681 Sequitur

113 3737 156 3776 ex
181 3717 229 3774 his
252 3718 350 3776 verbis
373 3737 445 3793 opus
461 3718 601 3794 Dionysii
625 3719 661 3775 de
678 3719 892 3793 compositione
908 3720 1063 3776 verborum
1080 3718 1247 3776 consectum

112 3847 185 3886 esse
210 3835 241 3884 et
264 3829 294 3885 in
317 3829 412 3886 lucem
436 3829 561 3902 editum,
592 3830 762 3904 priusquam
791 3831 864 3886 haec
896 3830 931 3886 de
954 3829 1156 3888 Demosthene
1179 3847 1247 3886 con-

109 3938 328 3996 scriberentur.
382 3937 441 3996 Sed
474 3939 519 3996 his
550 3959 622 4014 quos
653 3939 839 4014 ascripsimus
870 3939 943 3997 locis
975 3939 1091 3997 tertium
1125 3939 1249 4013 opponit

106 4049 254 4106 Blassius
279 4068 315 4106 ex
337 4050 437 4108 libello
461 4051 497 4107 de
514 4050 728 4125 compositione
745 4058 904 4107 assumtum
929 4050 979 4125 qui
1003 4059 1046 4106 est
1067 4069 1095 4124 p.
1114 4047 1173 4108 118
1196 4051 1247 4107 R.:

106 4151 188 4230 ὑπέρ
214 4143 252 4212 ὧν
274 4157 388 4231 ἑτέρωθί
406 4179 452 4230 μοι
476 4157 599 4228 δηλοίται
621 4159 793 4232 σαφέστερον,
830 4161 941 4236 Agitur
963 4161 1040 4218 enim
1065 4179 1099 4218 eo
1122 4161 1188 4218 loco
1212 4163 1247 4218 de

1063 4253 1094 4306 ¹*
