3042 4790
652 335 915 396 .—36-

249 495 275 554 δ’
300 495 416 574 ὂνόματα
435 499 541 570 συνηθῆ
564 522 591 556 τε
611 500 656 556 καὶ
681 499 802 576 προςφυῆ
823 507 878 564 τοῖς
898 498 1037 578 πράγμασι
1058 503 1103 558 καί
1125 506 1279 574 συντίθησιν
1298 500 1359 562 αιίτόι

250 606 331 679 ῆδέως
360 607 431 666 πάνυ
459 611 503 666 καί
529 613 718 686 κεχαρισμένως
753 606 802 682 οδχ
832 600 910 682 ῆττον
937 607 1094 687 Ἡροδότου.
1148 610 1237 688 Ὕψος
1266 615 1292 671 δὲ
1317 616 1358 672 καί

248 719 342 784 κάλλος
369 721 413 776 καί
439 723 667 796 μεγαλοπρέπειαν
695 721 739 776 καί
768 718 799 777 τὸ
829 719 969 798 λεγόμενον
1000 721 1069 785 ἰδίως
1095 719 1205 799 πλάσμα
1236 722 1358 800 ἱστορικόν

246 828 399 906 Ἡρόδοτος
426 832 484 903 ἔχει.
531 825 569 886 Οδ
594 829 646 907 γάρ
672 829 756 905 μόνον
784 827 832 888 οὐκ
860 835 951 903 ἴσχυσε
978 830 1057 890 τοῦτο
1085 826 1148 905 παρ’
1179 828 1262 890 αὗτσῦ
1282 835 1360 908 λαβεῖν

251 937 317 997 diiii
337 937 386 996 κάν
407 963 473 997 ποτε
496 941 616 1016 διεγεῖραι
632 941 754 1016 βουληθῇ
767 942 787 1012 ¹)
811 938 856 1010 τῆν
871 938 982 1016 φράσιν,
1006 936 1095 1019 ὀλίγον
1115 939 1261 1018 ἐμπνεύσας
1279 942 1360 1020 ὥσπερ

251 1047 377 1129 άπόγειος
399 1047 468 1126 αι’ίρα
490 1054 588 1122 ταχέως
610 1053 753 1125 σβέννυται.
798 1048 966 1128 Μικρότερος
986 1050 1038 1129 γάρ
1060 1057 1175 1131 γίγνεται
1196 1053 1244 1110 τοι]
1266 1054 1362 1118 δέοντος

250 1167 276 1218 ἐν
297 1165 403 1224 πολλοῖς
423 1161 468 1216 καί
489 1160 537 1218 τοῦ
559 1164 706 1236 πρέποντος
734 1161 803 1237 (καί)
831 1156 880 1232 οὗχ
907 1157 941 1225 ὦς
967 1158 1120 1238 Ἠρόδοτος
1146 1160 1288 1236 ἐφάπτεται
1314 1163 1362 1222 τῶν

249 1268 395 1348 προςώπων
414 1266 538 1343 εὐτυχῶς,
563 1265 619 1327 ἄλλ’
638 1277 665 1328 ἐν
686 1275 793 1335 πολλοῖς
817 1266 941 1348 ὀλίγωρός
963 1278 1032 1330 ἐστιν
1054 1267 1086 1329 dv
1107 1294 1145 1336 τις
1165 1268 1258 1350 ὀρθῶς
1271 1273 1362 1350 σκοπῆ.

263 1431 264 1434 ,
336 1385 439 1460 Caput,
461 1387 499 1442 V,
525 1385 647 1446 Φίλιστος
668 1382 696 1436 δὲ
719 1383 865 1456 Θουκυδίδῃ
879 1381 979 1458 μᾶλλον
1000 1378 1065 1455 iifl)
1088 1379 1186 1460 δόξειεν
1201 1387 1307 1440 ἐοικέναι
1320 1385 1363 1440 καὶ

249 1487 304 1547 κατ’
331 1497 426 1549 ἐκεῖνον
446 1497 611 1564 κοσμεῖσθαι
637 1489 683 1549 τόν
704 1489 869 1568 χαρακτῆρα.
916 1488 982 1550 θεῖτε
991 1493 1016 1565 ³)
1043 1490 1095 1570 γὰρ
1121 1488 1256 1551 ὑπόθεσιν
1280 1499 1363 1568 εἴληφε

249 1601 404 1674 πολυωφελῆ
425 1602 470 1658 καί
491 1599 589 1672 κοινῆν,
618 1599 707 1677 ὥσπερ
738 1603 908 1673 Θουκυδίδης·
940 1597 1005 1658 άλλά
1026 1605 1088 1678 μίαν
1109 1604 1154 1659 καί
1174 1601 1270 1675 ταύτην
1290 1627 1363 1662 τοπι-

249 1710 306 1782 κήν
331 1709 433 1787 διῄρηκε
455 1707 481 1767 δ’
508 1707 589 1782 αὐτὴν
610 1712 646 1776 εἷς
666 1709 773 1789 γραφάς
795 1709 854 1778 δύο,
877 1713 937 1788 περὶ
958 1715 1077 1776 Σικελίας
1096 1716 1144 1787 μὲν
1164 1710 1212 1785 τὴν
1238 1718 1365 1790 προτέραν

250 1819 414 1899 ἐπιγράφων,
444 1823 505 1899 περὶ
528 1824 671 1879 Διονυσίου
694 1823 721 1878 δὲ
742 1819 789 1893 τῆν
809 1818 931 1898 ὖστίραν.
972 1817 1045 1879 ’Ἐστι
1066 1823 1094 1879 δὲ
1114 1825 1174 1896 μία·
1206 1824 1252 1878 καί
1277 1821 1361 1881 τοῦτο’

249 1937 337 2011 γνοίης
360 1929 393 1988 ἂν
415 1927 470 1990 άπὸ
492 1930 540 1990 rod
563 1935 650 1995 τέλους
671 1930 716 2003 τῆς
736 1931 874 2003 Σικελικῆς.
930 1929 1011 1996 Τάξιν
1040 1926 1066 1987 δ’
1096 1927 1128 1990 οὗ
1157 1929 1203 2005 τῆν
1232 1937 1368 2009 κρατίστην

251 2039 400 2100 άποδὲδωκε
421 2048 475 2106 τοῖς
497 2044 674 2117 δηλουμένοις,
699 2036 765 2098 iiii
787 2039 1076 2117 δυςπαρακολσόθητον
1094 2048 1184 2118 χεῖρον
1207 2042 1252 2115 τῆς
1268 2052 1367 2102 Θουκυ-

250 2155 330 2211 δίδου.
374 2153 431 2209 Καί
457 2148 590 2230 πράγματ’
620 2154 723 2218 ἔξωθεν
745 2147 777 2209 οδ
805 2148 924 2226 βούλεται
950 2150 1166 2228 παραλαμβάνειν
1192 2151 1281 2230 ὥσπερ
1308 2150 1370 2213 οὐδὲ

254 2265 422 2334 θουκυδίδης,
448 2258 505 2319 ἄλλ’
531 2265 600 2320 ἔστιν
623 2259 750 2338 ὁμοειδής.
789 2251 883 2326 ἶΗθός
904 2285 932 2319 τε
953 2261 1091 2320 κολακικὸν
1116 2264 1160 2319 καὶ
1182 2260 1375 2340 φιλοτύραννον

252 2378 369 2450 ἐμφαίνει
393 2375 441 2452 καί
468 2371 591 2430 ταπεινὸν
616 2374 661 2429 καί
681 2370 848 2450 μικρολόγον.
904 2372 955 2444 Τῆς
984 2374 1011 2430 δὲ
1041 2376 1144 2443 λέξεως,
1174 2364 1192 2449 ᾗ
1216 2375 1376 2446 Θουκυδίδης

251 2490 383 2560 κέχρηται,
413 2481 517 2558 τὸμὲν
543 2483 683 2558 σημειῶδες
709 2485 754 2540 καί
779 2487 918 2560 περίεργον
942 2487 1070 2560 πέφευγε,
1099 2481 1130 2546 τὸ,
1158 2484 1186 2540 δὲ
1208 2481 1378 2561 στρογγύλον

251 2597 295 2652 καί
316 2593 411 2670 πικρόν
432 2595 477 2650 καί
504 2591 716 2669 ἐνθυμηματικὸν
743 2589 934 2668 ἀπομέμακται.
946 2594 970 2668 ¹)
1016 2591 1068 2666 Τῆς
1092 2597 1182 2668 μέντοι
1208 2598 1379 2672 καλλιλογίας

253 2707 296 2776 τῆς
317 2709 414 2762 ἐκείνου
435 2705 479 2761 καί
505 2704 554 2762 του
579 2701 697 2762 πλούτου
722 2701 775 2760 τῶν
801 2699 994 2778 ἐνθυμημάτων
1015 2701 1091 2780 παρά
1102 2706 1128 2777 ⁵)
1159 2702 1228 2762 πολὺ
1257 2700 1380 2782 ὑστερεῖ·

253 2812 284 2872 ου’·
305 2813 389 2891 μόνον
411 2817 439 2872 δὲ
461 2812 576 2881 τούτοις,
605 2810 671 2870 άλλά
697 2815 741 2870 καί
766 2812 835 2870 κατὰ
861 2812 925 2878 τοὺς
951 2810 1156 2888 σχηματισμούς.
1197 2810 1236 2871 ‘H
1253 2819 1301 2890 μὲν
1322 2815 1384 2895 γάρ

251 2923 350 3002 πλήρης
372 2923 512 3001 σχημάτων
533 2925 579 2982 καί
600 2920 676 2982 οὐδὲν
699 2919 772 2999 οἶμαι
794 2925 854 3000 περί
876 2923 927 2980 τῶν
946 2921 1067 2999 φανερῶν
1081 2927 1204 2982 ἐπιπλίον
1218 2926 1270 2982 δεῖν
1284 2929 1386 3001 λέγειν,

251 3031 267 3106 ῆ
290 3037 318 3092 δὲ
336 3039 461 3093 Φιλίστου
482 3032 580 3112 φράσις
603 3031 724 3110 ὁμοειδὴς
744 3034 822 3091 πάσα
844 3034 931 3097 δεινῶς
953 3034 997 3090 καί
1019 3029 1214 3109 άσχῆμάτιστός
1241 3040 1308 3104 ἐστι,
1333 3041 1389 3096 καὶ

253 3145 351 3210 πολλάς
372 3144 444 3222 εὕροι
467 3167 504 3210 τις
526 3141 558 3202 dir
579 3141 718 3222 περιόδους
741 3141 836 3220 ὁμοίως
859 3142 951 3216 ἐφεξῆς
970 3138 1014 3200 ὑπ’
1039 3139 1122 3201 αὐτοῦ
1144 3148 1391 3221 σχηματιζομένας,

254 3252 311 3315 οἷον
340 3263 367 3314 ἐν
398 3251 465 3332 άρχῆ
488 3255 533 3327 τῆς
562 3253 755 3331 δευτέραςτῶν
783 3256 844 3332 περί
865 3256 991 3317 Σικελίας·
1022 3250 1205 3330 ,,Συρακόσιοι
1219 3255 1259 3312 δὲ
1285 3280 1392 3332 παρα-

253 3364 375 3442 λαβόντες
405 3372 540 3444 Μεγαρεῖς
569 3367 614 3422 καί
641 3361 793 3432 Ἐνναίους,
825 3369 1005 3440 Καμαριναῖοι
1034 3365 1061 3420 δὲ
1090 3362 1214 3428 Σικελοὺς
1241 3367 1289 3422 καὶ
1319 3367 1398 3435 τοὺς

254 3473 347 3540 ἄλλους
369 3474 523 3551 συμμάχους
544 3474 611 3548 πλῆν
633 3473 741 3551 Γελῴων
764 3471 941 3551 ἀθροίσαντες
967 3509 1002 3518 -
1028 3473 1126 3549 Γελῷοι
1148 3475 1176 3532 δὲ
1199 3481 1401 3552 Συρακοσίοις

254 3583 301 3645 cim
324 3589 428 3661 ἔφασαν
451 3585 607 3664 πολεμήσειν
629 3621 668 3630 —
697 3581 860 3662 Συρακόσιοι
890 3585 918 3641 δὲ
949 3581 1150 3660 πυνθανόμενοι
1176 3591 1405 3662 Καμαριναίους

324 3816 344 3879 ¹)
363 3819 449 3882 Vulgo
467 3814 614 3882 βουληθείη
631 3818 733 3867 soloece
752 3813 818 3876 (a),

322 3902 344 3964 ²)
364 3904 428 3954 δοκε
445 3920 491 3953 suo
510 3903 703 3954 Herwcrdenius
722 3902 822 3950 addidit
839 3901 925 3949 inuitis
945 3899 1078 3949 codicibus
1096 3899 1249 3964 particulam
1268 3896 1320 3951 ἄν.

322 3985 345 4049 ³)
363 3989 488 4039 Codicum
506 3988 657 4052 scripturam
676 3981 735 4035 οὔτε
754 3985 868 4035 correxit
885 3985 917 4033 H.
935 3986 961 4034 in
980 3978 1018 4034 οδ.

322 4072 344 4134 ⁴)
363 4074 485 4124 Codices:
503 4072 635 4132 μέμικται,
653 4073 699 4122 cfr.
718 4072 748 4120 de
767 4078 825 4120 vett.
843 4071 929 4134 script.
947 4085 1014 4120 cens.
1032 4085 1056 4134 p.
1075 4068 1134 4118 427.

323 4157 342 4219 ι)
361 4157 485 4208 Codices:
505 4156 574 4208 κατὰ
592 4154 673 4216 πολύ,
692 4157 799 4206 mutavit
816 4155 1020 4205 Hemerdenius.
