3042 4790
609 379 799 437 „5-

144 566 256 624 semper
278 549 353 606 solet
374 550 472 606 locum
495 548 661 624 significare
683 548 734 607 ubi
757 549 787 604 id
811 548 932 608 fecerit?
969 551 1010 607 Et
1031 551 1173 608 habemus
1195 569 1265 610 sane

145 661 308 734 exemplum
333 679 391 734 qno
414 660 549 716 videmus
576 659 725 716 materiem
749 658 875 732 aliquam
900 661 937 717 ab
960 660 1106 737 Dionysio
1135 661 1265 732 dilatam,

145 780 176 826 ut
197 770 276 826 aliud
299 789 379 843 opus·
396 778 495 844 posset
513 768 589 844 juris
612 768 721 843 publici
749 770 862 826 facere:
894 769 944 828 cfr.
972 770 1036 828 init.
1063 779 1202 828 tractatus
1230 772 1265 828 de

145 881 239 938 Thuc‚
261 900 288 956 p.
312 877 374 937 812
398 881 434 936 R.
458 870 653 950 ἀναβαλόμενος
673 872 720 946 τὴν
741 875 801 952 περὶ
817 879 1011 949 Δημοσθένους
1031 879 1214 954 πραγματείαν
1235 872 1268 948 ἣν

143 982 213 1057 εἶχον
242 991 268 1042 ἐν
290 986 381 1062 χεροῖν
411 982 563 1060 ὑπεσχόμην
591 1007 619 1041 aa
647 980 769 1055 natricem
799 981 834 1048 ὡς
862 985 986 1062 προῃροῦ
1015 987 1060 1042 καὶ
1084 989 1192 1048 τελέσας
1219 983 1266 1056 τὴν

142 1092 287 1167 ὑπόσχεσιν
311 1091 466 1170 «tantidem.
521 1099 593 1170 Cur,
624 1100 703 1173 quod
729 1100 826 1175 potuit
853 1108 882 1157 et
905 1100 1007 1158 debuit
1029 1102 1129 1158 cadem
1153 1101 1265 1158 ratione

143 1211 204 1268 sive
235 1209 320 1267 initio
348 1209 410 1266 sive
437 1210 555 1267 laudato
582 1211 648 1267 loco
676 1210 744 1266 libri
772 1210 808 1267 de
832 1211 1046 1285 compositione
1068 1229 1128 1266 non
1151 1210 1266 1268 monuit

142 1320 305 1395 Dionysius
329 1339 391 1378 sese
416 1319 632 1377 confectionem
656 1319 733 1376 illius
755 1320 822 1377 libri
846 1321 882 1378 de
897 1321 1110 1392 Demosthene,
1133 1320 1185 1395 qui
1199 1340 1265 1395 pro-

142 1431 283 1506 pinquum
307 1430 453 1504 quoddam
477 1439 680 1505 argumentum
704 1438 855 1502 tractaret,
878 1447 956 1488 nunc
984 1431 1015 1486 in
1038 1439 1153 1505 tempus
1175 1430 1265 1488 distu-

141 1542 210 1599 lisse
232 1550 265 1598 ut
288 1548 387 1615 posset
410 1541 447 1597 de
469 1539 682 1614 compositione
705 1541 813 1614 agere?
857 1537 916 1598 Sed
936 1540 1041 1615 juvare
1064 1541 1180 1598 videtur
1201 1559 1265 1598 sen·

143 1651 263 1710 tentiam
288 1659 416 1708 nostram
441 1650 525 1706 etiam
551 1649 601 1706 illa
623 1650 709 1706 trium
734 1650 957 1725 compositionis
973 1670 1115 1726 generum
1132 1650 1264 1707 definitio

141 1781 228 1837 qnam
252 1762 391 1818 habemus
415 1769 443 1818 et
465 1761 496 1817 in
519 1759 587 1818 libri
616 1761 652 1817 de
675 1779 805 1835 compos.
835 1778 897 1834 cap.
920 1759 993 1818 XXI
1016 1770 1045 1818 et
1068 1780 1129 1835 seq.
1152 1780 1180 1836 p.
1206 1759 1264 1817 145

141 1875 177 1930 R.
202 1883 231 1928 et
253 1871 283 1928 in
305 1871 373 1928 libri
396 1871 432 1928 de
454 1871 656 1929 Demosthene
684 1889 746 1945 cap.
768 1869 907 1927 XXXVI
935 1879 963 1927 et
989 1890 1048 1946 seq.
1071 1891 1099 1946 p.
1126 1869 1205 1929 1065
1229 1872 1265 1928 R.

141 1983 224 2056 Quos
247 1983 321 2038 duos
343 1982 424 2038 locos
446 1981 471 2038 si
494 1981 559 2055 quis
582 1980 752 2056 diligentius
775 1981 852 2037 inter
874 2001 904 2038 se
921 1982 1107 2056 compararit,
1130 2001 1195 2038 eum
1214 1981 1265 2037 vix

142 2093 254 2168 fugisse
284 2101 355 2165 puto
383 2091 475 2147 multo
503 2090 689 2149 maturiorem
718 2100 751 2148 ut
778 2091 819 2148 ita
845 2092 939 2149 dicam
971 2091 1095 2149 fructum
1126 2091 1264 2166 Dionysii

142 2203 178 2259 de
202 2204 356 2259 verborum
381 2200 594 2275 compositione
621 2202 784 2258 studiorum
812 2209 910 2277 aperte
939 2221 1002 2260 esse
1032 2221 1066 2260 ea
1092 2221 1167 2276 quae
1190 2199 1265 2258 dixit

142 2313 193 2370 illo
226 2321 366 2369 tractatus
398 2312 434 2368 de
465 2313 668 2368 Demosthene
699 2312 780 2383 Ιοοο;
813 2332 849 2370 ex
878 2313 984 2371 Blassii
1017 2312 1163 2370 sententia
1193 2312 1266 2368 haec

141 2422 291 2498 expositio
321 2422 406 2480 alteri
436 2422 643 2496 praecessisset
673 2441 748 2496 quae
777 2424 869 2480 multo
899 2423 1017 2481 brevior
1047 2431 1091 2480 est
1119 2423 1149 2479 in
1180 2440 1264 2496 argu-

141 2534 249 2590 mentis
277 2533 445 2591 enarrandis
472 2532 702 2606 notionibusque
729 2533 1012 2605 circumscribendis,
1044 2535 1136 2590 multo
1167 2533 1263 2589 minus

140 2643 287 2718 perpolita
309 2654 338 2700 et
360 2643 500 2718 perfecta,
523 2642 554 2698 in
573 2641 693 2717 judiciis
715 2643 877 2700 statuendis
900 2645 991 2700 multo
1014 2643 1109 2718 magis
1129 2642 1218 2698 dubia
1235 2649 1264 2698 et

140 2755 260 2811 incerta.
305 2753 410 2827 Itaque
425 2761 458 2809 ut
473 2761 618 2826 repetam:
642 2752 767 2827 scriptus
783 2764 812 2810 et
828 2753 923 2810 editus
939 2763 983 2810 est
998 2753 1034 2810 de
1050 2751 1263 2826 compositione

139 2864 217 2922 liber
240 2872 307 2921 ante
330 2864 435 2920 librum
460 2864 722 2936 chemosthane.
760 2862 818 2922 Sed
842 2845 908 2920 οαῐα
922 2863 1053 2920 Blassius
1073 2882 1158 2936 quam
1175 2863 1263 2919 modo

138 2973 333 3031 refutavimus
356 2975 392 3030 de
415 2983 567 3048 praesente
590 2967 714 3040 atoue
742 2973 916 3030 sententiam
945 2992 997 3030 suo
1022 2973 1090 3047 jure
1118 2972 1203 3030 etiam
1232 2973 1261 3028 in

138 3086 265 3142 aliorum
288 3083 426 3158 Dionysii
449 3083 621 3158 scriptorum
646 3091 777 3156 tempora
800 3082 968 3140 definiendo
992 3083 1107 3139 sortiter
1129 3082 1263 3154 tenuerit,

138 3217 177 3253 ne
204 3214 258 3253 nos
286 3195 403 3269 quidem
435 3193 530 3251 facere
560 3212 715 3267 possumus
743 3193 814 3267 quin
843 3195 898 3250 hoc
924 3193 1022 3250 statim
1045 3195 1110 3250 loco
1134 3203 1261 3250 nostram

136 3305 313 3364 sententiam
338 3323 556 3379 persequamur.
590 3304 691 3377 Atque
714 3303 810 3378 priore
833 3303 898 3360 loco
921 3304 1067 3378 agendum
1091 3303 1207 3360 videtur
1226 3303 1262 3359 de

137 3415 226 3473 tertio
254 3415 380 3489 quodam
407 3423 528 3471 tractatu
556 3433 640 3487 quem
669 3423 783 3487 praeter
810 3413 901 3469 libros
928 3410 989 3485 περὶ
1015 3407 1126 3479 λεκτικῆς
1153 3421 1182 3470 et
1203 3408 1263 3484 napi

135 3521 322 3598 πραγματιιῆς
356 3516 503 3590 δεινότητος
539 3525 574 3580 de
606 3525 806 3581 Demosthene
841 3523 992 3597 scripsisse
1022 3523 1199 3598 Dionysium
1231 3524 1261 3579 in

135 3637 318 3711 singularum
346 3635 424 3692 illius
453 3635 615 3691 orationum
645 3636 692 3691 vel
719 3643 834 3707 tempus
865 3634 913 3690 vel
936 3633 1093 3706 genuinam
1119 3633 1261 3708 originem

133 3745 349 3819 inquirentem,
373 3754 489 3802 secutus
505 3743 653 3802 Itankium
672 3744 769 3808 uirum
794 3744 911 3800 doctum
935 3743 1067 3800 Blassius
1091 3745 1108 3800 l.
1132 3745 1150 3800 l.
1175 3764 1200 3818 p.
1225 3741 1261 3800 12

134 3867 166 3913 et
194 3875 254 3929 seq.
279 3857 422 3930 probavit.
466 3855 562 3912 Locos
592 3875 652 3913 non
680 3873 801 3929 paucos,
833 3873 870 3910 ex
899 3851 1004 3926 quibus
1031 3853 1103 3910 illud
1133 3863 1261 3928 apparet,

136 3969 185 4024 vel
216 3985 253 4023 ex
283 3965 405 4022 aliorum
436 3967 483 4022 vel
511 3986 548 4022 ex
575 3965 714 4040 Dionysii
740 3963 856 4038 scriptis
882 3963 986 4020 allatos
1014 3964 1083 4020 nolo
1111 3964 1167 4020 hoc
1195 3965 1261 4020 loco

132 4087 271 4152 repetere
296 4081 409 4150 praetor
435 4077 485 4132 illa
512 4095 585 4150 quac
615 4077 754 4150 leguntur
781 4074 817 4130 de
841 4076 927 4132 Dem.
950 4092 974 4131 c.
998 4073 1036 4131 57
1068 4093 1095 4148 p.
1122 4071 1200 4130 1127
1225 4074 1260 4129 u.

130 4185 158 4242 εἰ
180 4187 270 4258 piarat
294 4183 356 4238 ἔνιοι
378 4181 591 4260 patmypnpot
610 4182 660 4240 εἰσι
682 4178 758 4258 λόγοι
781 4175 866 4252 ἀηδεῖς
887 4180 931 4236 καὶ
953 4179 1076 4256 φορτικαὶ
1097 4178 1143 4235 καὶ
1165 4173 1258 4255 ἄγροι-
