3042 4790
658 315 868 375 ..27-

288 487 406 562 Fragm.
444 486 538 544 XVII.
576 488 725 563 Anonym.
764 485 863 545 Sahal.
896 487 943 542 W.
976 487 1061 544 rheit.
1093 506 1136 562 gr.
1170 488 1227 544 vol.
1259 487 1328 546 VII.

204 617 231 672 p.
255 595 333 655 865:

289 716 429 782 Διονύσιος
451 722 498 794 μὲν
529 724 556 775 ἐν
584 719 620 792 τῷ
649 715 744 795 πρώτῳ
766 719 826 793 περὶ
853 714 985 793 μιμήσεως
1015 714 1125 795 ὁρίζεται
1154 716 1201 790 τὴν
1222 723 1328 794 μίμησιν

205 827 298 893 οὕτως·
339 832 443 904 μίμησίς
472 833 541 885 ἐστιν
576 833 691 906 ἐνὲρχεια
724 825 767 885 διὰ
797 829 848 886 τῶν
877 825 1060 905 θεωρημάτων
1090 832 1264 904 ἐκματτομένη
1296 825 1328 886 τὸ
1393 879 1396 882 .

204 935 380 1016 τιοιρολιλειχμα.
401 940 421 1011 ¹]

290 1071 407 1145 Fragm.
429 1069 544 1127 XVIII.
568 1068 710 1146 Syrianus
725 1070 773 1124 W.
796 1071 880 1126 rheti.
904 1089 946 1144 gr.
970 1070 1026 1127 vel.
1049 1069 1104 1127 IV.
1127 1089 1154 1144 p.
1171 1069 1205 1127 41
1235 1069 1329 1128 codex

205 1181 356 1238 Venetus:

291 1299 449 1365 ἀκολούθως
471 1301 498 1358 δὲ
520 1301 555 1376 τῷ
580 1305 645 1376 θείῳ
668 1299 792 1358 Πλάτωνι
820 1303 865 1356 uui
887 1299 1028 1366 Διονύσιος
1055 1298 1070 1360 ὁ
1097 1299 1276 1378 πρεσβύτερος
1303 1309 1330 1358 ἐν

206 1414 243 1488 τῷ
273 1410 369 1489 πρώτῳ
397 1416 471 1486 τίτλιμ
500 1412 561 1488 περὶ
588 1408 720 1486 μιμήσεώς
749 1435 840 1488 φησιν,
873 1410 912 1468 ὅτι
942 1415 1000 1487 τρῖιι
1030 1412 1115 1468 ταῦτα
1145 1410 1191 1484 την
1222 1407 1330 1488 ἀρίστην

203 1518 265 1597 ημῖν
296 1523 322 1579 ἔν
350 1545 379 1578 τε
406 1529 460 1586 τοῖς
482 1526 623 1584 πολιτικοῖς
645 1518 734 1598 λόχοις
756 1493 874 1585 ἕξινθκοιῖ
896 1528 923 1578 ἐν
944 1520 1019 1597 πιλοχ
1042 1525 1117 1596 τέχνη
1145 1545 1173 1578 το
1199 1524 1243 1578 καὶ
1271 1529 1327 1579 ἐπι-

204 1631 291 1708 στήμῃ
312 1629 457 1710 χορηχηοει
479 1629 557 1704 ρι’·σις
579 1629 664 1698 δεξιὰ,
687 1629 809 1707 μάθησις
830 1627 947 1708 ἀκριβὴς,
972 1629 1080 1704 ἄσκησις
1102 1635 1238 1698 ἐπίπονος,
1263 1630 1330 1707 ἅπερ

203 1741 251 1824 τρν
273 1747 408 1800 Παιανιέα
430 1743 553 1799 τοιοῦτον
576 1738 767 1820 ἇπειρχιλοοτο.

290 1875 407 1950 Fragm.
431 1873 511 1968 XIX.
533 1874 685 1949 Anonym.
707 1872 804 1931 Sehol.
819 1875 867 1932 W.
886 1877 973 1931 rheti.
994 1894 1036 1950 gr.
1058 1876 1114 1932 vol.
1129 1874 1201 1932 VII.
1224 1893 1251 1948 p.
1268 1871 1329 1932 868

205 1986 302 2044 codex
325 1985 475 2042 Venetus:

292 2108 328 2163 ἔτι
351 2130 381 2184 χε
401 2104 453 2181 μὴν
474 2108 519 2163 καὶ
537 2103 677 2170 Διονύσιος
699 2104 767 2183 πρὸς
789 2107 824 2182 τῷ
846 2110 909 2164 τὲλοι
931 2105 980 2163 τοῦ
995 2103 1122 2184 τετάρτου
1138 2108 1263 2182 βιβλιόυἳ)
1280 2107 1332 2164 τῶν

204 2217 267 2292 περὶ
288 2213 420 2291 μιμήσεως
443 2218 503 2292 περὶ
524 2213 704 2293 προαιρέσεώς
725 2241 752 2273 τε
774 2219 819 2273 καὶ
841 2214 971 2293 δυνάμεως
992 2219 1038 2288 τῆς
1058 2219 1119 2294 περὶ
1137 2215 1218 2296 λόχον
1233 2215 1332 2280 διεξιών

204 2328 255 2399 ἔφη
278 2327 323 2399 τῆς
343 2331 391 2402 μὲν
414 2325 547 2403 δυνάμεως
568 2326 615 2399 την
635 2325 794 2403 κυριωτάτην
816 2323 882 2384 εἶναι
906 2334 1002 2404 μοῖραν
1029 2334 1055 2384 ἐν
1076 2327 1109 2404 τῇ
1131 2325 1209 2403 φύσει
1229 2325 1261 2400 ἣν
1283 2322 1331 2384 οὐκ

202 2523 410 2532 ———-

277 2666 297 2729 ¹)
324 2669 421 2716 Eadem
448 2670 525 2717 tradit
550 2670 657 2717 Maxim.
683 2668 747 2716 Plan
780 2669 830 2716 vol.
856 2668 886 2716 V.
911 2685 936 2732 p.
960 2669 1011 2716 440
1038 2670 1132 2718 omissa
1156 2675 1253 2716 tautum
1278 2668 1331 2716 loci

202 2753 407 2814 significatione,
433 2754 477 2802 ubi
505 2755 572 2817 apud
602 2755 759 2817 Dionysium
788 2754 851 2802 haee
878 2755 996 2815 legantur
1023 2751 1060 2816 [ἐν
1087 2755 1123 2818 τῷ
1149 2749 1243 2819 πρώτῳ
1270 2751 1332 2818 περὶ

200 2832 357 2899 μιμήσεως]Ι
395 2838 513 2888 Ceterum
536 2839 691 2887 conserenda
714 2845 773 2887 suut
799 2853 864 2901 quae
885 2839 953 2888 idem
975 2840 1115 2904 Dionysius
1139 2841 1169 2889 de
1189 2841 1332 2888 imitatione

201 2925 282 2970 docet
300 2934 347 2971 aru.
366 2924 429 2972 rhet.
448 2923 480 2971 X.
501 2939 526 2986 p.
545 2923 608 2972 394:
634 2921 742 2986 μίμησις
765 2920 815 2989 γὰρ
840 2918 871 2971 οὐ
887 2922 983 2990 χρῆσίς
1003 2921 1059 2972 ἐστι
1082 2925 1133 2972 τῶν
1151 2920 1332 2988 διανοημάτων

197 3001 262 3055 ἀλλ’
283 3001 298 3071 ἡ
318 3001 446 3069 ὁμολογία
463 3008 514 3056 τῶν
537 3009 644 3073 καιρῶν,
664 3007 778 3069 ἔντεχνος
800 3007 985 3074 μεταχείρισις.
1009 3007 1054 3056 καὶ
1075 3007 1194 3068 μιμνῐτοιὶ
1218 3010 1279 3070 (τις
1301 3011 1331 3059 de

194 3108 276 3154 meo,
300 3095 369 3156 quod
387 3095 559 3143 necessarium
577 3095 687 3154 ridetur,
710 3092 863 3153 addiderim)
881 3091 928 3142 τὸν
945 3092 1113 3158 Δημοσθένη
1137 3091 1186 3157 οὐχ
1204 3091 1246 3144 ὅτι
1269 3094 1331 3160 Δη-

188 3179 365 3238 ,inaudientiae
371 3211 379 3234 ,
398 3177 443 3226 καὶ
460 3175 507 3226 τὸν
522 3174 651 3226 Πλάτωνα
667 3173 762 3235 ὁμοίως
781 3177 825 3226 καὶ
843 3176 889 3226 τὸν
901 3176 1026 3245 Ὅμηρον.
1046 3178 1091 3228 καὶ
1103 3181 1181 3229 πᾶσα
1194 3177 1210 3244 ἡ
1223 3178 1332 3244 μίμησις

191 3253 253 3314 ὦδε
276 3263 338 3324 ἔχιν·
362 3263 452 3327 τέχνης
472 3259 546 3327 ζῆλος
565 3261 730 3321 καταμαθών
754 3259 943 3328 ἐνθυμημάτων
961 3259 1114 3328 ὁμοιότητα.
1137 3261 1297 3332 μακρότερος
1316 3261 1330 3314 ὁ

186 3347 268 3413 περὶ
285 3345 414 3412 μιμήσεως
433 3344 508 3411 λόγος
528 3343 558 3397 ὃν
576 3343 677 3418 ἀλλαχῇ
693 3345 944 3414 μιταχειριοιλμιθα.
969 3351 1010 3398 Ad
1029 3367 1083 3399 rem
1101 3353 1189 3410 censer
1202 3349 1330 3412 [CassIod.

182 3439 261 3489 libr.
283 3435 313 3482 de
332 3432 407 3496 rhei]
428 3450 483 3498 cap.
502 3435 561 3482 VII.
580 3436 640 3482 edit.
661 3436 746 3483 Halm.
763 3453 788 3499 p.
808 3435 854 3484 501
876 3452 898 3483 ν.
918 3436 945 3482 31
970 3444 993 3484 et
1011 3452 1077 3499 seq.:
1098 3437 1222 3494 „facultas
1241 3437 1332 3485 eraudi

180 3528 397 3575 consummatur
415 3528 520 3578 natura,
539 3527 605 3579 arte,
624 3521 819 3581 exereitatIone‚
838 3522 878 3569 eui
897 3528 995 3584 partem
1013 3530 1130 3585 quartam
1145 3522 1260 3570 adiciunt
1277 3522 1333 3584 qui·

176 3612 263 3660 dam
284 3605 447 3664 Imitati0nis‚
468 3621 545 3668 quam
563 3621 610 3653 nos
629 3595 678 3652 arti
696 3605 858 3654 subIcImus.“

274 3702 296 3767 2)
314 3707 370 3754 Nisi
388 3721 501 3755 errorem
519 3708 636 3756 statueris
655 3708 823 3768 scholiastae,
842 3717 886 3756 aut
904 3703 1009 3772 πρώτου
1028 3717 1071 3756 aut
1087 3704 1180 3774 τρίτου
1197 3707 1333 3771 legendum

168 3805 247 3858 3313
280 3800 386 3854 quartus
403 3792 467 3840 liber
485 3807 536 3840 uon
556 3793 613 3840 fuit.
649 3792 730 3841 Nobis
748 3793 823 3855 hujus
845 3793 983 3855 fragmenti
1002 3793 1078 3842 rerba
1096 3793 1187 3842 melius
1206 3794 1331 3842 hocloco

166 3879 276 3952 quasi
303 3877 361 3925 libri
384 3877 460 3940 primi
483 3877 606 3939 reliquiae
630 3876 780 3926 ascribenda
804 3893 856 3926 esse
880 3879 1029 3927 videbantur
1047 3895 1124 3941 quam
1142 3887 1255 3928 extremo
1273 3879 1332 3926 loeo

163 3965 276 4039 quasi
297 3962 363 4012 tertii
380 3962 439 4010 libri
457 3962 637 4024 fragmentum.
669 3963 695 4012 Si
710 3966 765 4025 quis
779 3963 855 4011 verba
867 3963 959 4027 fragm.
977 3964 1076 4014 XVIII.
1095 3966 1171 4027 paulo
1190 3965 1332 4012 accuratius

158 4047 357 4119 inspexerim
385 4062 442 4096 eum
472 4048 517 4096 vix
547 4056 609 4116 puto
634 4063 742 4111 negare,
769 4062 835 4110 quae
856 4049 901 4097 ille
925 4064 990 4112 quae
1013 4050 1063 4099 hoe
1087 4051 1146 4098 loco
1171 4049 1332 4111 disputantur

156 4151 260 4199 inter
287 4148 313 4183 se
331 4147 384 4180 non
403 4132 487 4181 aliena
506 4148 558 4183 esse
576 4134 619 4182 sed
638 4143 707 4183 arete
725 4134 871 4183 cohaerere.
