3042 4790
648 304 839 364 -7-

184 497 359 553 quamquam
380 475 505 550 plurima
529 495 556 550 p.
576 473 612 533 10
637 483 665 532 ot
687 495 768 551 seqq.
792 495 856 534 cum
880 495 999 534 assensu
1023 484 1123 534 nostro
1140 475 1307 550 disputavit,

185 597 363 646 nontamen
389 594 505 660 tempus
528 585 709 660 singularum
733 587 796 661 ejus
818 585 886 644 libri
908 587 1034 661 partium
1057 595 1135 644 reete
1158 577 1313 644 stabilivit

185 699 343 756 Brevitatis
371 715 456 755 causa
477 695 570 771 ipsius
592 697 683 754 verba
704 717 732 771 p.
758 696 792 754 11
819 706 891 754 extr.
914 697 1107 756 ascribemus:
1130 716 1217 766 „cum
1240 715 1309 754 con-

185 809 290 877 „tinuo
313 807 445 865 scribens
466 837 509 847 —
530 806 672 865 absolutis
695 806 785 882 igitur
807 809 844 865 de
865 807 955 884 Lysia
973 807 1104 866 Isocrate
1126 808 1211 866 Isaeo
1234 826 1308 882 quae

188 927 322 991 ,servata
336 926 404 975 sunt
416 915 536 992 judiciis
552 946 593 955 —
609 917 792 992 pervenisset
806 918 843 974 ad
858 917 1099 990 Demosthenem,
1115 919 1145 976 in
1160 918 1309 994 longiores

186 1027 394 1103 „quaestiones
410 1026 543 1084 incidens
559 1027 656 1085 taedio
672 1027 786 1084 destitit
801 1027 831 1084 in
847 1045 985 1102 praesens
1002 1029 1152 1103 ediditque
1169 1048 1244 1104 quae
1260 1029 1309 1086 ad-

187 1141 263 1208 ,huc
278 1137 434 1212 scripserat
448 1137 613 1211 separatim.
651 1138 734 1196 Haec
750 1137 827 1196 enim
845 1157 882 1194 ex
897 1139 955 1194 fine
970 1138 1037 1196 libri
1057 1139 1093 1196 de
1108 1140 1309 1197 Demosthene

190 1249 309 1323 ,procul
325 1248 416 1305 dubio
433 1247 664 1318 concluduntur3
686 1255 716 1304 at
740 1248 776 1304 de
798 1247 884 1305 Isaeo
907 1247 975 1304 libri
990 1248 1055 1306 finis
1071 1248 1112 1305 ita
1126 1257 1309 1323 comparatus

186 1369 252 1428 „est
267 1367 299 1416 ut
314 1357 393 1416 illico
409 1358 562 1415 transitum
575 1356 679 1415 fecisse
694 1359 842 1433 putandus
858 1358 896 1416 sit
910 1359 1010 1416 rhetor
1024 1359 1309 1416 adDemosthenem.

186 1467 348 1538 „Secunda
368 1468 458 1544 igitur
478 1460 611 1530 ainata,
634 1468 659 1524 si
682 1487 745 1526 eam
769 1468 956 1544 partitionem
978 1476 1039 1525 tum
1064 1468 1151 1526 etiam
1176 1469 1311 1541 retinuit,

190 1579 365 1652 ,finiebatur
386 1578 417 1634 in
440 1578 535 1652 primo
558 1585 683 1636 tractatu
707 1579 743 1636 de
766 1580 981 1650 Demosthene,
1004 1597 1078 1652 quae
1102 1579 1312 1653 insequebatur

187 1689 294 1759 „tertia
314 1683 361 1756 τὴν
382 1681 565 1762 νιρογμοτικὴν
587 1688 781 1759 Δημοσθένους
803 1681 937 1756 δεινότητα
952 1690 1106 1763 complexa
1121 1689 1194 1746 est.“
1232 1687 1309 1747 Sane

186 1799 312 1857 libenter
335 1799 538 1857 concedimus:
560 1818 619 1857 uno
643 1807 774 1874 tempore
796 1798 891 1856 videri
911 1798 1033 1873 scriptas
1050 1818 1112 1856 esse
1133 1807 1311 1857 commenta-

188 1910 286 1967 tiones
302 1910 339 1966 de
354 1910 445 1985 Lysia
467 1911 503 1966 de
519 1909 665 1978 Isocrate;
689 1909 860 1966 concludam
884 1909 914 1965 id
936 1929 973 1966 ex
987 1909 1086 1966 verbis
1102 1929 1176 1984 quae
1196 1910 1310 1967 suntin

189 2028 316 2080 exeunte
332 2029 456 2077 tractatu
470 2021 505 2077 de
515 2019 619 2094 Lysia:
636 2014 725 2072 {iresca
739 2015 767 2071 δι’
781 2013 817 2089 τῷ
832 2010 922 2093 ῥήτορι
936 2011 1020 2089 τούτῳ
1030 2011 1097 2071 κατὰ
1111 2013 1158 2086 τὴν
1171 2011 1246 2079 τάξιν
1260 2013 1312 2072 τῶν

185 2123 289 2202 χρόνων
307 2121 473 2202 Ἰσοκράτης.
495 2126 556 2202 περὶ
578 2123 608 2196 δὴ
627 2122 726 2183 totiena
740 2128 842 2182 λεκτέον
861 2122 953 2198 ἐφεξῆς
971 2127 1062 2202 ἑτέραν
1078 2120 1161 2202 ἀρχὴν
1174 2123 1310 2199 λαβοῦσιν,

188 2241 260 2298 Νοο
283 2259 401 2315 prorsus
425 2240 525 2297 eadem
542 2259 588 2297 res
604 2239 694 2303 estin
710 2239 867 2296 statuendo
884 2242 1015 2312 tempore
1031 2241 1310 2297 commentationum

189 2352 225 2408 de
247 2350 378 2408 Isocrate
401 2359 430 2408 et
453 2351 489 2407 de
511 2351 605 2408 Isaeo.
650 2349 711 2409 Sub
738 2352 825 2407 finem
855 2349 932 2406 enim
960 2357 1098 2408 tractatus
1122 2352 1157 2408 de
1180 2350 1310 2408 Isocrate

189 2482 215 2536 p.
239 2459 300 2520 585
323 2462 359 2518 R.
404 2460 565 2535 Dionysius
589 2462 660 2518 haee
684 2462 787 2519 habet:
817 2455 872 2526 iilos
895 2450 920 2510 δ’
947 2450 980 2512 div
1008 2478 1047 2520 τις
1074 2457 1119 2512 καὶ
1149 2452 1214 2512 dille
1243 2453 1311 2532 πρὸς

188 2564 292 2630 τούτοις
306 2571 399 2644 λέγειν,
423 2570 451 2630 ἐξ
471 2557 507 2622 ὧν
530 2561 544 2623 ὃ
564 2563 701 2642 χαρακτὴρ
724 2564 772 2622 τοῦ
794 2562 906 2643 ῥήτορος
928 2567 1002 2623 ἴαται
1023 2563 1187 2639 καταφανής·
1211 2563 1310 2643 ἀνάγκη

188 2672 217 2732 d'
241 2681 304 2740 lhos
325 2673 509 2748 στοχάζεσθαι
530 2674 579 2733 τοῦ
598 2673 712 2751 χρόνον,
736 2700 774 2737 ex
798 2679 903 2754 quibus
927 2700 1014 2738 nemo
1037 2699 1098 2754 pro
1122 2689 1217 2738 certo
1241 2700 1310 2739 con-

188 2793 305 2850 cludere
336 2809 422 2848 ausus
454 2791 492 2847 sit
526 2791 700 2866 Dionysium
735 2799 889 2865 postquam
926 2792 998 2848 haec
1028 2791 1064 2848 de
1093 2791 1232 2865 temporis
1261 2810 1312 2848 an-

188 2902 293 2977 gustiis
322 2901 437 2976 scripsit
468 2901 546 2958 illico
579 2901 731 2958 transitum
765 2900 868 2958 fecisse
895 2902 932 2958 ad
954 2901 1079 2958 Isaeum.
1132 2901 1209 2958 lude
1232 2901 1310 2958 enim

189 3013 269 3087 quod
292 3012 324 3068 in
346 3012 429 3070 libris
453 3011 661 3086 manuscriptis
688 3012 760 3068 haee
788 3010 896 3084 scripta
921 3011 998 3069 inter
1024 3030 1056 3068 se
1085 3012 1311 3085 subsequuntur,

187 3123 218 3179 in
242 3131 371 3196 nostram
394 3122 597 3196 quaestionem
618 3129 792 3196 argumenta
807 3121 889 3177 nulla
904 3121 963 3195 peti
979 3130 1110 3195 possunt.
1149 3118 1208 3178 Sed
1224 3121 1311 3179 nohis

189 3251 306 3307 quoque
326 3232 390 3289 veri
406 3232 500 3290 simile
516 3231 632 3289 videtur
647 3231 788 3288 continuo
804 3230 954 3306 scripsisse
971 3231 1147 3307 Dionysium
1164 3249 1311 3288 commen-

189 3343 316 3400 tationes
339 3343 375 3399 de
397 3341 487 3418 Lysia
509 3342 638 3400 Isocrate
660 3341 760 3414 Isaeo,
783 3342 910 3398 maxime
933 3343 971 3399 ob
993 3361 1027 3398 ea
1047 3343 1138 3398 verba
1153 3361 1227 3416 quae
1243 3350 1312 3398 sunt

188 3455 242 3510 sub
265 3455 353 3510 finem
374 3453 466 3528 judic.
489 3453 525 3510 de
547 3453 632 3510 Isaeo
656 3444 683 3527 p'.
706 3449 767 3510 629
791 3453 826 3508 R.

274 3564 318 3620 At
350 3582 410 3620 uno
442 3563 511 3620 item
543 3572 675 3637 tempore
707 3581 765 3637 quo
797 3565 869 3620 haec
895 3563 931 3619 de
954 3561 1044 3637 Lysia
1068 3561 1199 3620 Isocrate
1225 3562 1310 3620 Isaeo

185 3673 299 3750 judicia
328 3675 581 3748 componebantur
608 3673 804 3747 conscriptum
837 3693 902 3730 csse
932 3673 1038 3730 librum
1071 3673 1108 3729 de
1138 3673 1167 3729 vi
1194 3672 1311 3730 dicendi

188 3784 412 3856 Demosthenis,
443 3786 500 3841 hoc
531 3803 640 3858 negare
672 3785 821 3842 debemus.
873 3783 1001 3840 Ascribo
1037 3783 1101 3858 ipsa
1131 3783 1224 3840 verba
1254 3781 1312 3840 loci

188 3897 277 3953 modo
300 3893 410 3951 laudati
430 3895 494 3969 jud.
518 3895 562 3952 de·
581 3895 657 3952 Isae.
684 3913 707 3952 e.
729 3893 793 3951 XX.
821 3913 849 3968 p.
878 3891 955 3952 629:
986 3889 1030 3945 uui
1055 3891 1115 3965 περὶ
1139 3885 1239 3945 τούτων
1265 3892 1312 3963 μὲν

188 4000 253 4064 dte,
279 4003 371 4077 ἑτέραν
393 4001 420 4058 ds'
443 3995 524 4077 ἀρχὴν
550 3997 698 4076 ποιήσομαι
723 3999 771 4058 tori
797 3996 880 4078 λόγου
905 4000 966 4076 περὶ
993 4022 1021 4056 τι
1048 4002 1243 4074 Δημοσθένους
1268 3999 1312 4055 καὶ

184 4108 343 4188 Ὑπερείδου
368 4113 412 4168 καὶ
441 4114 529 4188 τρίτου
555 4115 635 4189 λόγων
661 4111 797 4184 Αἰσχίνου.
843 4114 1040 4189 Opponunlur
1063 4113 1153 4188 igitur
1179 4113 1255 4171 inter
1281 4132 1312 4171 se
