3042 4790
603 294 814 353 -41-

638 567 782 664 Τέχναι.

234 775 352 849 Fragm.
374 771 481 830 XXIV.
503 770 624 828 Maxim.
647 771 731 828 Plan.
753 772 801 828 W.
824 772 907 828 rhett.
929 789 972 846 gr.
1000 771 1058 828 vol.
1080 772 1118 829 V.
1143 791 1170 846 p.
1191 769 1269 830 213:

236 876 376 942 Διονύσιος
406 873 431 932 δ’
466 873 481 934 ὃ
508 873 710 954 Ἁλικαρνασεύς
747 874 807 950 (τὴν
836 873 973 954 ῥητορικὴν
1002 871 1133 952 ὦρίσατο)
1174 874 1268 941 οὕτως·

156 988 257 1065 διἰναμις
282 986 381 1062 τεχνικὴ
408 986 530 1045 πιθανοῦ
556 984 639 1064 λόγον
665 992 691 1045 ἐν
717 984 854 1066 πράγματι
879 985 1002 1062 πολιτικῷ
1023 990 1096 1050 τέλος
1118 988 1216 1059 ἥκουσα
1239 985 1271 1046 τὸ

155 1099 275 1162 πιθανῶς
296 1099 376 1156 εἰπεῖν
397 1095 464 1154 κατά
486 1095 518 1154 τὸ
541 1094 715 1172 ἐνδεχόμενον.
727 1097 748 1170 1)

234 1215 352 1290 Fragm.
381 1213 474 1271 XXV.
504 1212 654 1288 Georgius
683 1213 791 1270 Pletho
821 1205 936 1284 οοντομὴ
965 1206 1010 1280 τῆς
1036 1205 1178 1286 ῥητορικῆς.
1223 1213 1270 1270 W.

155 1329 237 1383 rhett
261 1343 304 1399 gr.
326 1325 384 1381 vol.
407 1323 461 1380 VI.
484 1343 512 1398 p.
536 1320 596 1381 587
622 1331 651 1380 et
673 1341 749 1397 seq.:

232 1427 380 1507 Ἑρμηνείας
396 1425 453 1500 ἤτοι
468 1426 591 1506 ρράσεως
604 1424 687 1506 λόγου
701 1432 827 1506 τέσσαρες
842 1423 944 1505 άρεταί,
969 1423 1031 1486 άνεο
1045 1431 1110 1505 λέγω
1122 1425 1173 1486 τῶν
1192 1433 1269 1501 ἐσχη-

152 1545 314 1616 ματισμὲιων
335 1541 380 1595 καί
401 1538 598 1616 αἰνιμματωδῶν
621 1536 707 1617 λόγων
727 1540 772 1596 καί
793 1539 845 1596 τῶν
866 1535 934 1596 κατὰ
955 1541 1061 1614 μίμησιν
1088 1542 1274 1617 γεγραμμένων

153 1647 356 1729 άσαφοηράρων
372 1648 449 1707 τινάν
462 1646 478 1720 ἢ
492 1646 679 1732 μακρημόρωνῇ
703 1655 730 1708 ἐν
751 1646 855 1713 τούτοις
876 1647 928 1727 γάρ
952 1645 1029 1725 άρετίη
1051 1653 1165 1727 γίγνεται
1186 1645 1201 1721 ἡ
1225 1649 1273 1708 τοῦ

151 1761 232 1839 loyce
253 1765 342 1818 κακία·
367 1762 395 1818 αἱ
416 1761 444 1818 δὲ
465 1759 510 1832 τῆς
531 1763 664 1836 ἑρμηνείας
684 1758 733 1817 τοῦ
754 1757 836 1837 λόγου
858 1764 984 1836 τέσσαρες
1006 1755 1097 1837 ἀρεταὶ
1118 1758 1218 1834 μᾶλλον
1245 1759 1273 1816 δὲ

150 1873 198 1930 τοι]
220 1871 405 1929 διδασκαλικοῦ
427 1875 473 1928 καί
493 1868 628 1947 ἱστορικοῦ
650 1867 850 1944 καθεστήκασιν
882 1871 949 1928 αἵδε·
982 1867 1112 1944 σαφήνεια
1144 1872 1273 1945 συντομία

150 1979 302 2053 πιθανότης
320 1985 546 2059 μεγαλοπρέπεια,
571 1977 605 2045 ὧς
625 1976 769 2057 Ἰσοκράτει
790 1982 834 2038 καί
855 1976 1027 2057 Ἐμπεδοκλεῖ
1040 1982 1170 2056 Διονυσίῳ
1191 1983 1272 2038 Φιλο-

149 2090 256 2170 στράτῳ
277 2089 413 2168 Ἰαμβλίχῳ
435 2093 479 2148 καὶ
501 2091 569 2148 πάσι
591 2095 723 2156 παλαιοῖς.

193 2209 317 2264 Tzetzes
342 2206 416 2266 Ohil.
438 2207 508 2279 XII,
531 2227 556 2264 v.
581 2205 660 2266 566:

240 2317 379 2388 Τέσσαρας
401 2310 483 2390 λόγον
505 2309 598 2390 άριτάς
619 2316 725 2390 λέγουσι
751 2316 894 2387 ascanium
917 2308 931 2370 ὃ
956 2308 1109 2390 Ἰσοκράτης
1136 2309 1220 2392 ῥητωρ
1248 2335 1275 2370 τε

149 2421 232 2488 αι’τὸς
259 2425 306 2479 καί
327 2419 482 2497 Ἀλκιδάμας
510 2419 524 2480 ὃ
549 2424 692 2495 Θεοδέκτης
715 2421 770 2499 ἅμα
794 2423 885 2480 τεκαὶ
907 2421 1087 2487 Μινουκιανὸς
1110 2424 1138 2481 δὲ
1161 2421 1210 2481 σὺν
1237 2417 1277 2486 οἷς

147 2537 194 2592 καὶ
225 2531 369 2596 Διονύσιος
396 2529 410 2590 ὃ
439 2530 684 2610 Ἁλικαρνασσόθεν
718 2530 897 2610 Φιλόστρατος
925 2534 970 2590 καί
996 2533 1079 2610 ἕτεροι
1109 2529 1199 2611 μάριοι
1225 2533 1277 2590 τῶν

146 2643 269 2722 puriores
296 2647 381 2717 σαφὲς
401 2648 629 2722 μεγαλοπρέπειαν
658 2641 790 2720 σύντομον
812 2641 935 2703 πιθανόν
956 2665 983 2702 τε
1003 2642 1070 2721 μετά
1100 2645 1144 2717 τῆς
1175 2639 1274 2721 ὧραιο-

145 2777 227 2827 τητος
247 2754 392 2833 ῥητορικῶν
406 2752 546 2829 σχημάτων
562 2749 736 2829 Ἐμπεδοκλῆς
753 2753 807 2832 πρὸ
827 2751 933 2813 πάντων
946 2778 974 2813 τε
988 2751 1137 2830 φιλόσοφος
1153 2750 1167 2813 ὃ
1186 2758 1275 2832 με’μας.

554 3201 651 3297 Περὶ
672 3193 878 3296 σχημάτων.

241 3386 399 3462 Scripsisse
422 3388 599 3464 Dionysium
624 3390 660 3446 de
682 3388 782 3464 figuris
804 3387 978 3463 peculiarem
1001 3389 1132 3448 libellum
1156 3398 1278 3448 constat.

137 3499 274 3560 Etenim
304 3496 505 3570 Quintilianus
534 3499 601 3557 inst.
637 3509 743 3557 orator.
774 3498 824 3557 lib.
855 3499 907 3557 IX.
936 3497 969 3572 3,
1000 3497 1040 3559 89
1072 3500 1160 3558 habet
1189 3501 1277 3559 haec:

136 3609 260 3680 „Haeo
277 3606 376 3666 omnia
390 3607 478 3682 (quae
493 3610 530 3666 ad
545 3611 653 3684 figures
669 3609 831 3684 pertinent)
847 3608 993 3684 copiosius
1009 3619 1077 3668 sunt
1095 3611 1211 3668 executi
1228 3611 1277 3686 qui

44 3755 45 3780 ι
136 3741 209 3779 non
239 3729 273 3776 ut
288 3727 400 3794 partem
417 3719 513 3793 operis
529 3728 762 3778 transcurrerunt
784 3720 836 3778 sed
850 3719 968 3795 proprie
991 3720 1082 3780 libros
1104 3720 1173 3779 huic
1195 3720 1277 3797 operi

225 3936 249 3998 ¹)
267 3937 382 3987 Eandem
400 3938 520 4002 Dionysii
545 3937 719 3987 definitionem
743 3938 874 4002 perhibent
896 3945 1019 4001 quattuor
1041 3939 1087 3988 viri
1111 3939 1278 4001 grammaticis

132 4033 334 4088 praeterquam
356 4025 425 4086 quod
449 4039 495 4087 pro
514 4023 640 4072 vocabulo
664 4023 784 4078 πιθανῶς
806 4024 957 4088 Doxoputer
980 4025 1028 4086 VI,
1056 4024 1097 4084 lt,
1126 4025 1279 4088 Anonymus

133 4111 212 4170 vn,
242 4108 280 4158 ιε.
302 4108 354 4170 ιιι,
378 4107 425 4158 ou
447 4110 541 4158 aaran
559 4095 599 4169 εὖ,
622 4109 713 4158 uasti.
732 4109 870 4159 cumanos.
890 4108 940 4171 vr,
959 4107 1006 4158 cor
1027 4109 1103 4159 τινα
1120 4107 1208 4164 κακῶς.
