3042 4790
717 317 907 379 ..8.-

255 487 339 562 quasi
361 496 511 563 separatae
533 489 608 546 duae
630 487 720 547 totius
743 489 839 564 operis
861 497 975 565 partes:
1003 488 1116 565 judicia
1142 491 1178 548 de
1199 491 1288 567 Lysia
1308 490 1359 550 Iso·

254 608 331 658 crate
346 597 433 656 Isaeo
456 607 486 656 et
507 607 646 657 tractatus
662 600 698 658 de
712 599 913 658 Demosthene
929 600 1082 676 Hyperide
1097 599 1256 659 Aeschine.
1287 603 1360 659 Hanc

254 729 340 783 quam
364 709 420 766 sibi
439 717 631 784 proposuerat
645 709 822 785 Dionysium
843 711 1027 785 partitionem
1045 711 1175 768 tenuisse
1190 713 1362 769 concluditur

254 840 292 878 ex
314 820 410 878 verbis
433 819 510 878 initii
532 827 670 878 tractatus
693 821 729 878 de
752 821 903 878 Dinarcho
926 839 1000 894 quac
1022 823 1095 879 hacc
1117 831 1199 879 sunt:
1229 819 1290 894 περὶ
1309 825 1361 874 Δεν-

252 923 353 998 νιὶρχου
374 923 423 983 τοῦ
445 921 556 1004 ῥήτορος
579 920 655 982 nith
676 924 783 1002 εἰρηκὼς
804 931 831 983 ἐν
851 931 906 989 τοῖς
927 925 987 1001 napi
1009 926 1060 983 τῶν
1090 921 1205 1002 ἀρχαίων
1226 933 1362 1004 γροηεῖσιν,

253 1035 297 1094 διὰ
319 1034 351 1094 τὸ
372 1031 439 1112 μηθ’
463 1031 568 1110 εὑρετὴν
589 1035 657 1094 ι’δόυ
676 1039 813 1114 y'yove'uut
836 1035 1004 1112 χαρακτῆρος
1029 1034 1078 1094 τὸν
1105 1031 1188 1113 ἄνδρα
1215 1035 1365 1112 doncuria

252 1151 356 1206 Λυσίαν
376 1147 420 1203 καὶ
441 1143 489 1203 τὸν
507 1141 662 1222 Ἰσοκράτην
683 1144 794 1204 καὶτὸν
819 1141 930 1213 Ἰσαῖον,
953 1143 1017 1222 μήτε
1038 1145 1090 1204 τῶν
1111 1141 1256 1222 σῖρημὲνων
1278 1149 1366 1222 ἑτέροις

252 1254 370 1328 zelaris
395 1256 485 1332 ὥσπερ
506 1253 553 1314 τὸν
575 1259 753 1331 Δημοσθένην
778 1257 823 1314 καὶ
847 1255 895 1314 τὸν
915 1260 1041 1328 Αἰσχίνην
1066 1258 1110 1312 καὶ
1128 1253 1280 1334 Ὑπερείδην
1299 1253 1365 1329 ἡμεῖς

252 1371 378 1446 aplroper.
425 1372 529 1445 Itaque
556 1390 611 1428 nos
638 1371 782 1429 credimus
809 1372 984 1448 Dionysium
1012 1379 1165 1446 postquam
1199 1372 1274 1429 dixit
1299 1391 1367 1446 quae

252 1485 288 1542 de
303 1482 393 1559 Lysia
407 1482 537 1539 Isocrate
552 1479 639 1539 Isaeo
661 1480 765 1538 habuit
786 1481 816 1538 in
840 1490 953 1557 tempus
977 1482 1132 1554 destitisse,
1155 1492 1257 1558 postea
1278 1483 1369 1557 spatio
1393 1554 1397 1560 ἡ

251 1594 352 1668 aliquo
374 1590 543 1650 intermisso
563 1591 599 1648 ad
615 1592 734 1648 alteram
750 1601 859 1666 partem
876 1592 1034 1650 accessisse
1051 1600 1080 1649 et
1099 1592 1247 1666 scripsisse
1266 1593 1369 1652 librum

252 1705 303 1780 qni
325 1711 459 1761 servatas
482 1711 526 1759 est
547 1697 608 1774 napi
632 1695 745 1768 λεκτικῆς
766 1701 960 1771 Δημοσθένους
982 1694 1136 1770 δεινότητος.
1178 1687 1280 1777 Atque
1306 1705 1372 1762 finis

251 1815 339 1890 hujus
361 1821 508 1884 tractatus,
531 1813 561 1869 id
584 1813 663 1886 quod
685 1812 811 1869 libenter
833 1813 963 1870 concedo
979 1813 1104 1886 Blassio‚
1125 1813 1168 1871 ita
1190 1823 1372 1888 comparatus

252 1935 308 1998 est,
330 1933 362 1982 ut
389 1924 522 1980 videatur
543 1921 706 1999 Dionysius
732 1922 800 1980 iude
828 1942 888 1980 non
916 1922 993 1980 illico
1022 1931 1218 1998 transgressus
1246 1895 1310 1982 esse¹
1334 1926 1373 1982 ad

251 2033 529 2093 commentationem
557 2029 618 2106 arpi
642 2026 824 2106 πραγματικῆς
851 2033 1046 2104 Δημοσθένους
1072 2026 1219 2100 δεινότητος
1245 2035 1374 2092 scribon.

252 2147 328 2204 dam.
373 2145 440 2202 Hoc
462 2163 515 2219 pro
538 2153 618 2202 certo
641 2143 766 2200 scimus:
797 2153 943 2200 auctorem
972 2143 1128 2218 perfecisse
1151 2145 1229 2201 illem
1254 2145 1290 2202 de
1312 2146 1374 2202 De-

252 2258 404 2314 mosthene
428 2254 627 2329 quaestionem
650 2261 804 2328 postquam
823 2254 941 2328 scripsit
956 2255 1131 2328 peculiarem
1148 2255 1184 2312 de
1199 2255 1377 2330 Thucydide

251 2367 372 2438 librum,
400 2364 516 2442 judicia
547 2365 582 2420 de
608 2363 759 2422 Aeschine
786 2363 938 2440 Hyperide
968 2373 1123 2438 antequam
1151 2366 1188 2423 ad
1219 2373 1376 2422 tractatum

253 2497 339 2552 quem
371 2476 487 2550 scripsit
518 2476 554 2533 dc
586 2475 738 2532 Dinarcho
769 2475 930 2532 accederet.
961 2504 1003 2514 —
1032 2474 1075 2534 Ut
1106 2485 1204 2533 cetera
1235 2475 1378 2550 Dionysii

252 2589 360 2662 scripta
390 2585 537 2644 rhetorica
563 2594 592 2642 et
618 2605 693 2659 quae
717 2585 886 2642 etiamnunc
909 2587 1050 2642 habemus
1074 2595 1199 2658 atquae
1223 2585 1382 2660 deperdita

252 2707 321 2756 suut
342 2715 421 2756 nuno
443 2695 626 2768 omittamus,
648 2715 784 2770 supremo
808 2695 874 2752 loco
897 2695 983 2752 liceat
1005 2697 1093 2770 paulo
1116 2695 1209 2754 fusius
1225 2696 1322 2753 dicere
1340 2697 1380 2753 de

253 2807 391 2884 Dionysii
414 2826 487 2882 quae
510 2807 600 2882 vulgo
623 2806 714 2863 fertur
736 2815 797 2864 arte
820 2805 974 2864 rhetorica.

337 2917 559 2990 Inquisiverunt
584 2917 614 2973 in
643 2936 706 2973 eam
735 2946 775 2954 --
802 2935 876 2990 quae
902 2916 1010 2990 legitur
1036 2915 1065 2972 in
1093 2915 1208 2972 Reiskii
1235 2915 1384 2973 editionis

253 3030 309 3086 vol.
331 3028 356 3084 Ι.
379 3046 465 3102 pagg.
487 3024 657 3084 225-414
681 3056 717 3064 -
742 3025 847 3102 partim
875 3027 1036 3084 accuratius
1063 3027 1167 3100 partim
1195 3026 1384 3111 levius-tres

252 3138 434 3214 potissimum
467 3137 522 3194 viri
552 3137 646 3194 docti:
677 3137 742 3196 dico
770 3136 934 3195 Schottium
966 3138 996 3194 in
1027 3137 1157 3194 editione
1188 3135 1257 3194 artis
1286 3155 1386 3210 quarn

248 3250 309 3325 jam
334 3267 423 3323 supra
446 3265 505 3305 una
532 3267 597 3305 curn
620 3247 806 3306 Weismanni
829 3247 1032 3306 dissertatione
1054 3247 1250 3318 laudavimus,
1277 3247 1388 3303 Weis-

252 3379 406 3431 mannum‚
436 3358 582 3416 Blassium
614 3360 650 3416 de
677 3358 774 3432 script.
803 3359 876 3414 rhet.
907 3377 933 3432 p.
955 3355 997 3415 24
1025 3366 1054 3415 ot
1076 3376 1157 3431 seqq.
1202 3355 1293 3415 Suum
1320 3358 1390 3414 sibi

253 3472 290 3527 de
317 3471 368 3526 illa
392 3479 454 3526 arte
481 3468 624 3544 judicium
655 3487 756 3542 parere
789 3477 817 3524 et
846 3468 940 3524 fructu
972 3487 1066 3542 neque
1096 3469 1195 3525 labore
1219 3477 1311 3548 caret,
1350 3479 1391 3526 ut

251 3582 343 3638 libere
366 3581 511 3655 profitear.
562 3579 708 3636 Nolumus
731 3578 912 3653 singulorum
940 3578 1069 3654 singulas
1094 3597 1224 3652 quasque
1253 3588 1392 3636 senten-

253 3692 306 3748 tias
336 3710 411 3764 quae
440 3690 500 3764 jam
533 3689 676 3746 refutatae
706 3698 758 3745 aut
787 3690 894 3745 dudum
926 3691 1130 3763 comprobatae
1158 3697 1226 3745 sunt
1252 3689 1395 3754 afferre:

253 3810 380 3876 praestat
402 3819 488 3874 quam
512 3800 682 3856 brevissime
706 3820 780 3874 quae
804 3800 878 3856 inita
901 3799 1058 3873 diligenter
1079 3799 1177 3872 quoad
1204 3809 1396 3873 poteramus

253 3911 424 3985 quaestione
447 3911 534 3967 nobis
557 3908 683 3966 maxime
707 3909 871 3984 probabilia
893 3908 956 3966 visa
977 3919 1046 3966 sunt
1061 3928 1233 3984 proponere.
1270 3910 1400 3985 Atque

253 4022 346 4096 primo
369 4022 434 4077 loco
458 4021 614 4096 praeterire
637 4039 696 4076 non
720 4021 860 4077 debemus
887 4039 960 4093 quae
988 4019 1097 4094 primus
1125 4020 1199 4076 vidit
1221 4018 1401 4078 Sclrottius

253 4151 280 4204 p.
302 4131 419 4202 XXVl.‚
442 4151 501 4188 uon
525 4150 614 4186 umrm
639 4139 668 4187 ct
690 4130 836 4204 integrum
859 4129 965 4187 librum
987 4131 1017 4186 in
1038 4139 1099 4188 arte
1120 4131 1210 4204 vulgo
1226 4132 1407 4190 rhetorica
