<?xml version="1.0" encoding="UTF-8"?>
<!DOCTYPE html PUBLIC "-//W3C//DTD XHTML 1.0 Transitional//EN"
    "http://www.w3.org/TR/xhtml1/DTD/xhtml1-transitional.dtd">
<html xmlns="http://www.w3.org/1999/xhtml" xml:lang="en" lang="en">
 <head>
  <title>
</title>
<meta http-equiv="Content-Type" content="text/html;charset=utf-8" />
  <meta name='ocr-system' content='tesseract 3.04.00' />
  <meta name='ocr-capabilities' content='ocr_page ocr_carea ocr_par ocr_line ocrx_word'/>
</head>
<body>
  <div class='ocr_page' id='page_1' title='image "./scriptorumrheto00diongoog_0021.png"; bbox 0 0 3042 4790; ppageno 0'>
   <div class='ocr_carea' id='block_1_1' title="bbox 689 349 897 410">
    <p class='ocr_par' dir='ltr' id='par_1_1' title="bbox 689 349 897 410">
     <span class='ocr_line' id='line_1_1' title="bbox 689 349 897 410; baseline -0.005 -18"><span class='ocrx_word' id='word_1_1' title='bbox 689 349 897 410; x_wconf 70' lang='lat'>..12-</span> 
     </span>
    </p>
   </div>
   <div class='ocr_carea' id='block_1_2' title="bbox 231 521 1356 1260">
    <p class='ocr_par' dir='ltr' id='par_1_2' title="bbox 231 521 1356 1260">
     <span class='ocr_line' id='line_1_2' title="bbox 231 521 1355 596; baseline -0.003 -14"><span class='ocrx_word' id='word_1_2' title='bbox 231 525 282 583; x_wconf 92' lang='lat' dir='ltr'>lib.</span> <span class='ocrx_word' id='word_1_3' title='bbox 304 525 361 583; x_wconf 88' lang='lat'>111.</span> <span class='ocrx_word' id='word_1_4' title='bbox 389 524 417 595; x_wconf 91' lang='lat' dir='ltr'>l,</span> <span class='ocrx_word' id='word_1_5' title='bbox 443 522 481 582; x_wconf 76' lang='lat' dir='ltr'>tt</span> <span class='ocrx_word' id='word_1_6' title='bbox 503 525 575 582; x_wconf 86' lang='lat' dir='ltr'>haee</span> <span class='ocrx_word' id='word_1_7' title='bbox 601 531 712 580; x_wconf 86' lang='lat' dir='ltr'>narrat:</span> <span class='ocrx_word' id='word_1_8' title='bbox 749 523 825 595; x_wconf 85' lang='lat' dir='ltr'>,Ars</span> <span class='ocrx_word' id='word_1_9' title='bbox 853 530 897 580; x_wconf 90' lang='lat' dir='ltr'>est</span> <span class='ocrx_word' id='word_1_10' title='bbox 923 521 1075 596; x_wconf 91' lang='lat' dir='ltr'>utriusque</span> <span class='ocrx_word' id='word_1_11' title='bbox 1098 522 1299 579; x_wconf 88' lang='lat' dir='ltr'>-Isocratis</span> <span class='ocrx_word' id='word_1_12' title='bbox 1326 530 1355 580; x_wconf 89' lang='lat' dir='ltr'>et</span> 
     </span>
     <span class='ocr_line' id='line_1_3' title="bbox 231 632 1354 709; baseline -0.003 -17"><span class='ocrx_word' id='word_1_13' title='bbox 231 634 423 708; x_wconf 86' lang='lat' dir='ltr'>„Aristotelis</span> <span class='ocrx_word' id='word_1_14' title='bbox 446 667 501 706; x_wconf 90' lang='lat'>-,</span> <span class='ocrx_word' id='word_1_15' title='bbox 530 634 582 691; x_wconf 90' lang='lat' dir='ltr'>sed</span> <span class='ocrx_word' id='word_1_16' title='bbox 609 633 740 709; x_wconf 90' lang='lat' dir='ltr'>pluribus</span> <span class='ocrx_word' id='word_1_17' title='bbox 768 653 831 691; x_wconf 89' lang='lat' dir='ltr'>eam</span> <span class='ocrx_word' id='word_1_18' title='bbox 863 633 946 690; x_wconf 90' lang='lat' dir='ltr'>libris</span> <span class='ocrx_word' id='word_1_19' title='bbox 975 632 1152 689; x_wconf 85' lang='lat' dir='ltr'>Aristoteles</span> <span class='ocrx_word' id='word_1_20' title='bbox 1182 633 1354 707; x_wconf 89' lang='lat' dir='ltr'>complexus</span> 
     </span>
     <span class='ocr_line' id='line_1_4' title="bbox 234 741 1356 820; baseline -0.004 -18"><span class='ocrx_word' id='word_1_21' title='bbox 234 755 305 815; x_wconf 82' lang='lat' dir='ltr'>„est</span> <span class='ocrx_word' id='word_1_22' title='bbox 349 745 463 802; x_wconf 85' lang='lat' dir='ltr'>Eodem</span> <span class='ocrx_word' id='word_1_23' title='bbox 494 752 625 820; x_wconf 90' lang='lat' dir='ltr'>tempore</span> <span class='ocrx_word' id='word_1_24' title='bbox 656 745 840 801; x_wconf 82' lang='lat' dir='ltr'>Theodectes</span> <span class='ocrx_word' id='word_1_25' title='bbox 870 743 938 814; x_wconf 86' lang='lat' dir='ltr'>suit,</span> <span class='ocrx_word' id='word_1_26' title='bbox 970 743 1006 800; x_wconf 90' lang='lat' dir='ltr'>de</span> <span class='ocrx_word' id='word_1_27' title='bbox 1037 741 1121 816; x_wconf 90' lang='lat' dir='ltr'>cujus</span> <span class='ocrx_word' id='word_1_28' title='bbox 1151 761 1238 817; x_wconf 89' lang='lat' dir='ltr'>opere</span> <span class='ocrx_word' id='word_1_29' title='bbox 1268 760 1356 817; x_wconf 90' lang='lat' dir='ltr'>supra</span> 
     </span>
     <span class='ocr_line' id='line_1_5' title="bbox 231 852 1354 929; baseline -0.002 -17"><span class='ocrx_word' id='word_1_30' title='bbox 231 855 364 922; x_wconf 85' lang='lat' dir='ltr'>„dictum</span> <span class='ocrx_word' id='word_1_31' title='bbox 389 863 441 912; x_wconf 91' lang='lat' dir='ltr'>est.</span> <span class='ocrx_word' id='word_1_32' title='bbox 477 856 698 929; x_wconf 81' lang='lat' dir='ltr'>Theophrastus</span> <span class='ocrx_word' id='word_1_33' title='bbox 721 873 838 929; x_wconf 88' lang='lat' dir='ltr'>quoque</span> <span class='ocrx_word' id='word_1_34' title='bbox 853 853 1024 911; x_wconf 89' lang='lat' dir='ltr'>Aristotelis</span> <span class='ocrx_word' id='word_1_35' title='bbox 1048 852 1208 927; x_wconf 89' lang='lat' dir='ltr'>discipulus</span> <span class='ocrx_word' id='word_1_36' title='bbox 1232 855 1268 910; x_wconf 92' lang='lat' dir='ltr'>de</span> <span class='ocrx_word' id='word_1_37' title='bbox 1288 855 1354 910; x_wconf 90' lang='lat' dir='ltr'>rhe-</span> 
     </span>
     <span class='ocr_line' id='line_1_6' title="bbox 234 963 1354 1040; baseline -0.004 -18"><span class='ocrx_word' id='word_1_38' title='bbox 234 965 344 1034; x_wconf 87' lang='lat' dir='ltr'>„torice</span> <span class='ocrx_word' id='word_1_39' title='bbox 376 965 535 1040; x_wconf 78' lang='lat' dir='ltr'>diligenter</span> <span class='ocrx_word' id='word_1_40' title='bbox 564 965 681 1040; x_wconf 79' lang='lat' dir='ltr'>scripsit</span> <span class='ocrx_word' id='word_1_41' title='bbox 711 975 798 1038; x_wconf 88' lang='lat' dir='ltr'>atque</span> <span class='ocrx_word' id='word_1_42' title='bbox 830 964 898 1021; x_wconf 90' lang='lat' dir='ltr'>hine</span> <span class='ocrx_word' id='word_1_43' title='bbox 924 965 972 1020; x_wconf 89' lang='lat' dir='ltr'>vel</span> <span class='ocrx_word' id='word_1_44' title='bbox 998 963 1159 1020; x_wconf 86' lang='lat' dir='ltr'>studiosius</span> <span class='ocrx_word' id='word_1_45' title='bbox 1187 963 1354 1038; x_wconf 89' lang='lat' dir='ltr'>philosophi</span> 
     </span>
     <span class='ocr_line' id='line_1_7' title="bbox 232 1072 1354 1150; baseline -0.003 -18"><span class='ocrx_word' id='word_1_46' title='bbox 232 1095 340 1150; x_wconf 84' lang='lat' dir='ltr'>„quarn</span> <span class='ocrx_word' id='word_1_47' title='bbox 363 1079 495 1133; x_wconf 87' lang='lat' dir='ltr'>rhetores</span> <span class='ocrx_word' id='word_1_48' title='bbox 518 1075 733 1150; x_wconf 88' lang='lat' dir='ltr'>praecipueque</span> <span class='ocrx_word' id='word_1_49' title='bbox 749 1072 915 1132; x_wconf 88' lang='lat' dir='ltr'>Stoicorum</span> <span class='ocrx_word' id='word_1_50' title='bbox 941 1093 975 1130; x_wconf 88' lang='lat' dir='ltr'>ac</span> <span class='ocrx_word' id='word_1_51' title='bbox 990 1073 1253 1148; x_wconf 78' lang='lat' dir='ltr'>Peripateticorum</span> <span class='ocrx_word' id='word_1_52' title='bbox 1276 1073 1354 1148; x_wconf 89' lang='lat' dir='ltr'>prin-</span> 
     </span>
     <span class='ocr_line' id='line_1_8' title="bbox 232 1184 1352 1260; baseline -0.004 -17"><span class='ocrx_word' id='word_1_53' title='bbox 232 1186 341 1260; x_wconf 81' lang='lat' dir='ltr'>„oipea</span> <span class='ocrx_word' id='word_1_54' title='bbox 393 1185 477 1243; x_wconf 80' lang='lat' dir='ltr'>Fecit</span> <span class='ocrx_word' id='word_1_55' title='bbox 504 1186 611 1256; x_wconf 81' lang='lat' dir='ltr'>deinde</span> <span class='ocrx_word' id='word_1_56' title='bbox 638 1185 719 1241; x_wconf 89' lang='lat' dir='ltr'>velut</span> <span class='ocrx_word' id='word_1_57' title='bbox 747 1185 892 1259; x_wconf 91' lang='lat' dir='ltr'>propriam</span> <span class='ocrx_word' id='word_1_58' title='bbox 917 1185 1116 1259; x_wconf 77' lang='lat' dir='ltr'>Hermagoras</span> <span class='ocrx_word' id='word_1_59' title='bbox 1143 1184 1234 1256; x_wconf 88' lang='lat' dir='ltr'>viam,</span> <span class='ocrx_word' id='word_1_60' title='bbox 1266 1203 1352 1258; x_wconf 88' lang='lat' dir='ltr'>quam</span> 
     </span>
    </p>
   </div>
   <div class='ocr_carea' id='block_1_3' title="bbox 230 1271 1354 1370">
    <p class='ocr_par' dir='ltr' id='par_1_3' title="bbox 230 1271 1354 1370">
     <span class='ocr_line' id='line_1_9' title="bbox 230 1271 1354 1370; baseline -0.002 -18"><span class='ocrx_word' id='word_1_61' title='bbox 230 1295 370 1370; x_wconf 87' lang='lat' dir='ltr'>„plurimi</span> <span class='ocrx_word' id='word_1_62' title='bbox 395 1304 465 1353; x_wconf 91' lang='lat' dir='ltr'>sunt</span> <span class='ocrx_word' id='word_1_63' title='bbox 495 1295 604 1354; x_wconf 89' lang='lat' dir='ltr'>secuti:</span> <span class='ocrx_word' id='word_1_64' title='bbox 636 1294 683 1352; x_wconf 93' lang='lat' dir='ltr'>cui</span> <span class='ocrx_word' id='word_1_65' title='bbox 714 1295 840 1352; x_wconf 88' lang='lat' dir='ltr'>maxime</span> <span class='ocrx_word' id='word_1_66' title='bbox 872 1314 925 1369; x_wconf 89' lang='lat' dir='ltr'>par</span> <span class='ocrx_word' id='word_1_67' title='bbox 956 1304 1042 1368; x_wconf 90' lang='lat' dir='ltr'>atque</span> <span class='ocrx_word' id='word_1_68' title='bbox 1074 1271 1205 1352; x_wconf 84' lang='lat' dir='ltr'>aemulus</span> <span class='ocrx_word' id='word_1_69' title='bbox 1237 1295 1354 1350; x_wconf 90' lang='lat' dir='ltr'>videtur</span> 
     </span>
    </p>
   </div>
   <div class='ocr_carea' id='block_1_4' title="bbox 219 1405 1367 4238">
    <p class='ocr_par' dir='ltr' id='par_1_4' title="bbox 219 1405 1367 4238">
     <span class='ocr_line' id='line_1_10' title="bbox 230 1405 1354 1481; baseline -0.004 -18"><span class='ocrx_word' id='word_1_70' title='bbox 230 1407 426 1481; x_wconf 86' lang='lat' dir='ltr'>„Athenaeus</span> <span class='ocrx_word' id='word_1_71' title='bbox 449 1406 547 1464; x_wconf 84' lang='lat' dir='ltr'>fuisse.</span> <span class='ocrx_word' id='word_1_72' title='bbox 591 1405 687 1462; x_wconf 89' lang='lat' dir='ltr'>Multa</span> <span class='ocrx_word' id='word_1_73' title='bbox 708 1413 774 1480; x_wconf 86' lang='lat' dir='ltr'>post</span> <span class='ocrx_word' id='word_1_74' title='bbox 796 1405 977 1478; x_wconf 86' lang='lat' dir='ltr'>Apollonius</span> <span class='ocrx_word' id='word_1_75' title='bbox 1000 1405 1118 1475; x_wconf 87' lang='lat' dir='ltr'>Melon,</span> <span class='ocrx_word' id='word_1_76' title='bbox 1141 1405 1231 1460; x_wconf 92' lang='lat' dir='ltr'>multa</span> <span class='ocrx_word' id='word_1_77' title='bbox 1245 1405 1354 1475; x_wconf 85' lang='lat' dir='ltr'>Areus,</span> 
     </span>
     <span class='ocr_line' id='line_1_11' title="bbox 231 1510 1354 1590; baseline -0.005 -16"><span class='ocrx_word' id='word_1_78' title='bbox 231 1517 345 1585; x_wconf 84' lang='lat' dir='ltr'>„multa</span> <span class='ocrx_word' id='word_1_79' title='bbox 367 1516 514 1577; x_wconf 79' lang='lat' dir='ltr'>Caecilius</span> <span class='ocrx_word' id='word_1_80' title='bbox 538 1525 567 1573; x_wconf 86' lang='lat' dir='ltr'>et</span> <span class='ocrx_word' id='word_1_81' title='bbox 589 1515 858 1574; x_wconf 87' lang='lat' dir='ltr'>Halicarnassensis</span> <span class='ocrx_word' id='word_1_82' title='bbox 874 1510 1062 1590; x_wconf 79' lang='lat' dir='ltr'>Dionysius.“</span> <span class='ocrx_word' id='word_1_83' title='bbox 1102 1513 1172 1571; x_wconf 93' lang='lat' dir='ltr'>Non</span> <span class='ocrx_word' id='word_1_84' title='bbox 1196 1513 1259 1570; x_wconf 85' lang='lat' dir='ltr'>sine</span> <span class='ocrx_word' id='word_1_85' title='bbox 1282 1532 1354 1570; x_wconf 88' lang='lat' dir='ltr'>eon·</span> 
     </span>
     <span class='ocr_line' id='line_1_12' title="bbox 231 1623 1355 1702; baseline -0.005 -18"><span class='ocrx_word' id='word_1_86' title='bbox 231 1627 297 1685; x_wconf 85' lang='lat' dir='ltr'>silio</span> <span class='ocrx_word' id='word_1_87' title='bbox 328 1628 412 1701; x_wconf 85' lang='lat' dir='ltr'>plura</span> <span class='ocrx_word' id='word_1_88' title='bbox 441 1647 525 1702; x_wconf 88' lang='lat' dir='ltr'>quam</span> <span class='ocrx_word' id='word_1_89' title='bbox 557 1628 647 1702; x_wconf 90' lang='lat' dir='ltr'>vulgo</span> <span class='ocrx_word' id='word_1_90' title='bbox 671 1626 767 1682; x_wconf 88' lang='lat' dir='ltr'>solent</span> <span class='ocrx_word' id='word_1_91' title='bbox 793 1626 891 1682; x_wconf 89' lang='lat' dir='ltr'>afferri</span> <span class='ocrx_word' id='word_1_92' title='bbox 914 1627 1004 1681; x_wconf 90' lang='lat' dir='ltr'>verba</span> <span class='ocrx_word' id='word_1_93' title='bbox 1031 1624 1118 1699; x_wconf 88' lang='lat' dir='ltr'>hujus</span> <span class='ocrx_word' id='word_1_94' title='bbox 1144 1623 1202 1680; x_wconf 93' lang='lat' dir='ltr'>loci</span> <span class='ocrx_word' id='word_1_95' title='bbox 1223 1623 1355 1696; x_wconf 82' lang='lat' dir='ltr'>ascripsi.</span> 
     </span>
     <span class='ocr_line' id='line_1_13' title="bbox 230 1730 1354 1812; baseline -0.004 -18"><span class='ocrx_word' id='word_1_96' title='bbox 230 1737 350 1794; x_wconf 86' lang='lat' dir='ltr'>Etenim</span> <span class='ocrx_word' id='word_1_97' title='bbox 375 1757 428 1812; x_wconf 91' lang='lat' dir='ltr'>pro</span> <span class='ocrx_word' id='word_1_98' title='bbox 458 1745 539 1795; x_wconf 86' lang='lat' dir='ltr'>certo</span> <span class='ocrx_word' id='word_1_99' title='bbox 568 1757 606 1794; x_wconf 87' lang='lat' dir='ltr'>ex</span> <span class='ocrx_word' id='word_1_100' title='bbox 635 1737 681 1793; x_wconf 90' lang='lat' dir='ltr'>his</span> <span class='ocrx_word' id='word_1_101' title='bbox 709 1736 854 1794; x_wconf 87' lang='lat' dir='ltr'>conclusit</span> <span class='ocrx_word' id='word_1_102' title='bbox 880 1755 939 1793; x_wconf 93' lang='lat' dir='ltr'>non</span> <span class='ocrx_word' id='word_1_103' title='bbox 969 1735 1061 1792; x_wconf 90' lang='lat' dir='ltr'>solum</span> <span class='ocrx_word' id='word_1_104' title='bbox 1091 1734 1222 1792; x_wconf 90' lang='lat' dir='ltr'>Blassius</span> <span class='ocrx_word' id='word_1_105' title='bbox 1252 1753 1279 1808; x_wconf 92' lang='lat' dir='ltr'>p.</span> <span class='ocrx_word' id='word_1_106' title='bbox 1302 1730 1354 1804; x_wconf 78' lang='lat'>24,</span> 
     </span>
     <span class='ocr_line' id='line_1_14' title="bbox 229 1844 1354 1920; baseline -0.004 -16"><span class='ocrx_word' id='word_1_107' title='bbox 229 1848 281 1904; x_wconf 92' lang='lat' dir='ltr'>sed</span> <span class='ocrx_word' id='word_1_108' title='bbox 305 1847 391 1904; x_wconf 89' lang='lat' dir='ltr'>etiam</span> <span class='ocrx_word' id='word_1_109' title='bbox 417 1847 636 1905; x_wconf 89' lang='lat' dir='ltr'>Burckhardtus</span> <span class='ocrx_word' id='word_1_110' title='bbox 659 1847 690 1903; x_wconf 91' lang='lat' dir='ltr'>in</span> <span class='ocrx_word' id='word_1_111' title='bbox 716 1845 838 1904; x_wconf 86' lang='lat' dir='ltr'>Caecilii</span> <span class='ocrx_word' id='word_1_112' title='bbox 862 1845 986 1902; x_wconf 88' lang='lat' dir='ltr'>rhetoris</span> <span class='ocrx_word' id='word_1_113' title='bbox 1010 1845 1238 1920; x_wconf 82' lang='lat' dir='ltr'>fragmentorum</span> <span class='ocrx_word' id='word_1_114' title='bbox 1265 1844 1354 1900; x_wconf 87' lang='lat' dir='ltr'>colle·</span> 
     </span>
     <span class='ocr_line' id='line_1_15' title="bbox 230 1953 1353 2033; baseline -0.004 -19"><span class='ocrx_word' id='word_1_115' title='bbox 230 1958 341 2028; x_wconf 77' lang='lat' dir='ltr'>ctione,</span> <span class='ocrx_word' id='word_1_116' title='bbox 365 1976 439 2031; x_wconf 87' lang='lat' dir='ltr'>quae</span> <span class='ocrx_word' id='word_1_117' title='bbox 462 1957 571 2033; x_wconf 91' lang='lat' dir='ltr'>prodiit</span> <span class='ocrx_word' id='word_1_118' title='bbox 585 1957 719 2015; x_wconf 85' lang='lat' dir='ltr'>Basilcae</span> <span class='ocrx_word' id='word_1_119' title='bbox 735 1955 995 2028; x_wconf 86' lang='lat' dir='ltr'>MDCCCLXIII,</span> <span class='ocrx_word' id='word_1_120' title='bbox 1019 1974 1045 2030; x_wconf 90' lang='lat' dir='ltr'>p.</span> <span class='ocrx_word' id='word_1_121' title='bbox 1062 1953 1116 2025; x_wconf 82' lang='grc'>46,</span> <span class='ocrx_word' id='word_1_122' title='bbox 1140 1964 1169 2012; x_wconf 93' lang='lat' dir='ltr'>et</span> <span class='ocrx_word' id='word_1_123' title='bbox 1192 1953 1353 2012; x_wconf 89' lang='lat' dir='ltr'>Caecilium</span> 
     </span>
     <span class='ocr_line' id='line_1_16' title="bbox 231 2064 1355 2142; baseline -0.006 -16"><span class='ocrx_word' id='word_1_124' title='bbox 231 2079 260 2126; x_wconf 92' lang='lat' dir='ltr'>et</span> <span class='ocrx_word' id='word_1_125' title='bbox 282 2069 569 2126; x_wconf 87' lang='lat' dir='ltr'>Halicarnassensem</span> <span class='ocrx_word' id='word_1_126' title='bbox 594 2067 754 2142; x_wconf 88' lang='lat' dir='ltr'>peculiares</span> <span class='ocrx_word' id='word_1_127' title='bbox 777 2069 813 2124; x_wconf 89' lang='lat' dir='ltr'>de</span> <span class='ocrx_word' id='word_1_128' title='bbox 836 2077 896 2125; x_wconf 86' lang='lat' dir='ltr'>arte</span> <span class='ocrx_word' id='word_1_129' title='bbox 919 2067 1064 2124; x_wconf 88' lang='lat' dir='ltr'>rhetorica</span> <span class='ocrx_word' id='word_1_130' title='bbox 1086 2065 1234 2140; x_wconf 82' lang='lat' dir='ltr'>scripsisse</span> <span class='ocrx_word' id='word_1_131' title='bbox 1252 2064 1355 2136; x_wconf 87' lang='lat' dir='ltr'>libros,</span> 
     </span>
     <span class='ocr_line' id='line_1_17' title="bbox 230 2175 1354 2254; baseline -0.004 -17"><span class='ocrx_word' id='word_1_132' title='bbox 230 2181 309 2254; x_wconf 90' lang='lat' dir='ltr'>quod</span> <span class='ocrx_word' id='word_1_133' title='bbox 325 2197 497 2253; x_wconf 87' lang='lat' dir='ltr'>quamquam</span> <span class='ocrx_word' id='word_1_134' title='bbox 515 2178 667 2252; x_wconf 88' lang='lat' dir='ltr'>probabile</span> <span class='ocrx_word' id='word_1_135' title='bbox 683 2197 735 2252; x_wconf 86' lang='lat' dir='ltr'>per</span> <span class='ocrx_word' id='word_1_136' title='bbox 749 2197 780 2235; x_wconf 92' lang='lat' dir='ltr'>se</span> <span class='ocrx_word' id='word_1_137' title='bbox 797 2187 852 2248; x_wconf 90' lang='lat' dir='ltr'>est,</span> <span class='ocrx_word' id='word_1_138' title='bbox 868 2186 966 2234; x_wconf 89' lang='lat' dir='ltr'>tamen</span> <span class='ocrx_word' id='word_1_139' title='bbox 982 2176 1043 2234; x_wconf 88' lang='lat' dir='ltr'>fieri</span> <span class='ocrx_word' id='word_1_140' title='bbox 1060 2176 1156 2250; x_wconf 90' lang='lat' dir='ltr'>potuit</span> <span class='ocrx_word' id='word_1_141' title='bbox 1171 2183 1215 2246; x_wconf 91' lang='lat' dir='ltr'>ut,</span> <span class='ocrx_word' id='word_1_142' title='bbox 1239 2175 1354 2232; x_wconf 87' lang='lat' dir='ltr'>etiamsi</span> 
     </span>
     <span class='ocr_line' id='line_1_18' title="bbox 230 2284 1354 2363; baseline -0.004 -17"><span class='ocrx_word' id='word_1_143' title='bbox 230 2291 353 2347; x_wconf 91' lang='lat' dir='ltr'>multum</span> <span class='ocrx_word' id='word_1_144' title='bbox 377 2308 482 2363; x_wconf 87' lang='lat' dir='ltr'>operae</span> <span class='ocrx_word' id='word_1_145' title='bbox 505 2288 536 2344; x_wconf 92' lang='lat' dir='ltr'>in</span> <span class='ocrx_word' id='word_1_146' title='bbox 559 2288 628 2346; x_wconf 89' lang='lat' dir='ltr'>artis</span> <span class='ocrx_word' id='word_1_147' title='bbox 650 2289 749 2346; x_wconf 89' lang='lat' dir='ltr'>studio</span> <span class='ocrx_word' id='word_1_148' title='bbox 774 2289 964 2358; x_wconf 79' lang='lat' dir='ltr'>collocarent,</span> <span class='ocrx_word' id='word_1_149' title='bbox 988 2297 1085 2343; x_wconf 90' lang='lat' dir='ltr'>tamen</span> <span class='ocrx_word' id='word_1_150' title='bbox 1110 2304 1240 2359; x_wconf 90' lang='lat' dir='ltr'>eaquae</span> <span class='ocrx_word' id='word_1_151' title='bbox 1263 2284 1354 2341; x_wconf 90' lang='lat' dir='ltr'>vidis-</span> 
     </span>
     <span class='ocr_line' id='line_1_19' title="bbox 230 2398 1354 2473; baseline -0.004 -17"><span class='ocrx_word' id='word_1_152' title='bbox 230 2409 295 2457; x_wconf 88' lang='lat' dir='ltr'>sent</span> <span class='ocrx_word' id='word_1_153' title='bbox 325 2419 385 2456; x_wconf 94' lang='lat' dir='ltr'>non</span> <span class='ocrx_word' id='word_1_154' title='bbox 416 2399 559 2473; x_wconf 88' lang='lat' dir='ltr'>peculiari</span> <span class='ocrx_word' id='word_1_155' title='bbox 584 2398 673 2466; x_wconf 81' lang='grc' dir='ltr'><em>τέχνης</em></span> <span class='ocrx_word' id='word_1_156' title='bbox 699 2399 774 2456; x_wconf 90' lang='lat' dir='ltr'>libro</span> <span class='ocrx_word' id='word_1_157' title='bbox 803 2399 930 2455; x_wconf 90' lang='lat' dir='ltr'>ederent.</span> <span class='ocrx_word' id='word_1_158' title='bbox 984 2398 1128 2454; x_wconf 90' lang='lat' dir='ltr'>Neutrum</span> <span class='ocrx_word' id='word_1_159' title='bbox 1157 2415 1228 2452; x_wconf 91' lang='lat' dir='ltr'>vero</span> <span class='ocrx_word' id='word_1_160' title='bbox 1254 2414 1354 2469; x_wconf 90' lang='lat' dir='ltr'>neque</span> 
     </span>
     <span class='ocr_line' id='line_1_20' title="bbox 230 2507 1352 2585; baseline -0.004 -19"><span class='ocrx_word' id='word_1_161' title='bbox 230 2511 309 2585; x_wconf 89' lang='lat' dir='ltr'>quod</span> <span class='ocrx_word' id='word_1_162' title='bbox 332 2509 463 2566; x_wconf 90' lang='lat' dir='ltr'>Blassius</span> <span class='ocrx_word' id='word_1_163' title='bbox 490 2510 554 2566; x_wconf 91' lang='lat' dir='ltr'>vult</span> <span class='ocrx_word' id='word_1_164' title='bbox 586 2529 681 2584; x_wconf 80' lang='lat' dir='ltr'>neque</span> <span class='ocrx_word' id='word_1_165' title='bbox 708 2509 787 2584; x_wconf 89' lang='lat' dir='ltr'>quod</span> <span class='ocrx_word' id='word_1_166' title='bbox 814 2528 868 2566; x_wconf 90' lang='lat' dir='ltr'>nos</span> <span class='ocrx_word' id='word_1_167' title='bbox 892 2507 1082 2582; x_wconf 89' lang='lat' dir='ltr'>proponimus</span> <span class='ocrx_word' id='word_1_168' title='bbox 1104 2525 1156 2580; x_wconf 91' lang='lat' dir='ltr'>per</span> <span class='ocrx_word' id='word_1_169' title='bbox 1178 2525 1209 2563; x_wconf 89' lang='lat' dir='ltr'>se</span> <span class='ocrx_word' id='word_1_170' title='bbox 1233 2525 1269 2562; x_wconf 86' lang='lat' dir='ltr'>ex</span> <span class='ocrx_word' id='word_1_171' title='bbox 1292 2514 1352 2562; x_wconf 85' lang='lat' dir='ltr'>tarn</span> 
     </span>
     <span class='ocr_line' id='line_1_21' title="bbox 219 2611 1354 2695; baseline -0.002 -19"><span class='ocrx_word' id='word_1_172' title='bbox 219 2621 365 2678; x_wconf 76' lang='lat' dir='ltr'>&#39;universe</span> <span class='ocrx_word' id='word_1_173' title='bbox 398 2621 476 2677; x_wconf 89' lang='lat' dir='ltr'>dicta</span> <span class='ocrx_word' id='word_1_174' title='bbox 510 2619 739 2695; x_wconf 87' lang='lat' dir='ltr'>significatione:</span> <span class='ocrx_word' id='word_1_175' title='bbox 781 2621 890 2691; x_wconf 86' lang='lat' dir='ltr'>,multa</span> <span class='ocrx_word' id='word_1_176' title='bbox 928 2617 1071 2677; x_wconf 86' lang='lat' dir='ltr'>Caecilius</span> <span class='ocrx_word' id='word_1_177' title='bbox 1109 2625 1139 2674; x_wconf 91' lang='lat' dir='ltr'>et</span> <span class='ocrx_word' id='word_1_178' title='bbox 1169 2611 1354 2691; x_wconf 88' lang='lat' dir='ltr'>Dionysius“</span> 
     </span>
     <span class='ocr_line' id='line_1_22' title="bbox 230 2727 1354 2805; baseline -0.004 -17"><span class='ocrx_word' id='word_1_179' title='bbox 230 2731 327 2788; x_wconf 92' lang='lat' dir='ltr'>evinci</span> <span class='ocrx_word' id='word_1_180' title='bbox 350 2739 461 2805; x_wconf 89' lang='lat' dir='ltr'>potest,</span> <span class='ocrx_word' id='word_1_181' title='bbox 484 2731 537 2786; x_wconf 91' lang='lat' dir='ltr'>sed</span> <span class='ocrx_word' id='word_1_182' title='bbox 560 2749 614 2788; x_wconf 91' lang='lat' dir='ltr'>nos</span> <span class='ocrx_word' id='word_1_183' title='bbox 631 2741 745 2788; x_wconf 89' lang='lat' dir='ltr'>nostrae</span> <span class='ocrx_word' id='word_1_184' title='bbox 761 2728 1014 2803; x_wconf 81' lang='lat' dir='ltr'>interpretationis</span> <span class='ocrx_word' id='word_1_185' title='bbox 1029 2737 1131 2802; x_wconf 87' lang='lat' dir='ltr'>utpote</span> <span class='ocrx_word' id='word_1_186' title='bbox 1148 2728 1197 2801; x_wconf 92' lang='lat' dir='ltr'>qui</span> <span class='ocrx_word' id='word_1_187' title='bbox 1216 2727 1354 2784; x_wconf 90' lang='lat' dir='ltr'>malimus</span> 
     </span>
     <span class='ocr_line' id='line_1_23' title="bbox 229 2838 1355 2916; baseline -0.006 -16"><span class='ocrx_word' id='word_1_188' title='bbox 229 2844 265 2900; x_wconf 93' lang='lat' dir='ltr'>de</span> <span class='ocrx_word' id='word_1_189' title='bbox 296 2841 419 2916; x_wconf 88' lang='lat' dir='ltr'>singulis</span> <span class='ocrx_word' id='word_1_190' title='bbox 449 2841 623 2915; x_wconf 88' lang='lat' dir='ltr'>quibusdam</span> <span class='ocrx_word' id='word_1_191' title='bbox 660 2840 956 2899; x_wconf 88' lang='lat' dir='ltr'>commentationibus</span> <span class='ocrx_word' id='word_1_192' title='bbox 985 2839 1128 2913; x_wconf 90' lang='lat' dir='ltr'>cogitare,</span> <span class='ocrx_word' id='word_1_193' title='bbox 1156 2856 1271 2894; x_wconf 88' lang='lat' dir='ltr'>causam</span> <span class='ocrx_word' id='word_1_194' title='bbox 1299 2838 1355 2894; x_wconf 92' lang='lat' dir='ltr'>ali-</span> 
     </span>
     <span class='ocr_line' id='line_1_24' title="bbox 230 2947 1356 3027; baseline -0.006 -17"><span class='ocrx_word' id='word_1_195' title='bbox 230 2971 315 3027; x_wconf 89' lang='lat' dir='ltr'>quam</span> <span class='ocrx_word' id='word_1_196' title='bbox 348 2953 456 3009; x_wconf 87' lang='lat' dir='ltr'>habere</span> <span class='ocrx_word' id='word_1_197' title='bbox 492 2951 577 3008; x_wconf 92' lang='lat' dir='ltr'>nobis</span> <span class='ocrx_word' id='word_1_198' title='bbox 614 2950 759 3023; x_wconf 89' lang='lat' dir='ltr'>videmur,</span> <span class='ocrx_word' id='word_1_199' title='bbox 797 2950 875 3024; x_wconf 88' lang='lat' dir='ltr'>quod</span> <span class='ocrx_word' id='word_1_200' title='bbox 908 2949 1074 3006; x_wconf 89' lang='lat' dir='ltr'>etiamnunc</span> <span class='ocrx_word' id='word_1_201' title='bbox 1106 2949 1182 3005; x_wconf 90' lang='lat' dir='ltr'>inter</span> <span class='ocrx_word' id='word_1_202' title='bbox 1212 2947 1356 3022; x_wconf 88' lang='lat' dir='ltr'>Dionysii</span> 
     </span>
     <span class='ocr_line' id='line_1_25' title="bbox 228 3051 1357 3136; baseline -0.005 -17"><span class='ocrx_word' id='word_1_203' title='bbox 228 3061 337 3136; x_wconf 91' lang='lat' dir='ltr'>scripta</span> <span class='ocrx_word' id='word_1_204' title='bbox 359 3069 461 3118; x_wconf 86' lang='lat' dir='ltr'>extant</span> <span class='ocrx_word' id='word_1_205' title='bbox 483 3062 541 3118; x_wconf 91' lang='lat' dir='ltr'>duo</span> <span class='ocrx_word' id='word_1_206' title='bbox 566 3059 709 3135; x_wconf 86' lang='lat' dir='ltr'>ejusmodi</span> <span class='ocrx_word' id='word_1_207' title='bbox 737 3059 1000 3118; x_wconf 86' lang='lat' dir='ltr'>commentationes</span> <span class='ocrx_word' id='word_1_208' title='bbox 1027 3067 1115 3134; x_wconf 89' lang='lat' dir='ltr'>caput</span> <span class='ocrx_word' id='word_1_209' title='bbox 1137 3059 1187 3116; x_wconf 84' lang='lat' dir='ltr'>X.:</span> <span class='ocrx_word' id='word_1_210' title='bbox 1214 3053 1274 3128; x_wconf 77' lang='grc' dir='ltr'>περὶ</span> <span class='ocrx_word' id='word_1_211' title='bbox 1299 3051 1357 3109; x_wconf 76' lang='grc' dir='ltr'>τῶν</span> 
     </span>
     <span class='ocr_line' id='line_1_26' title="bbox 228 3159 1358 3244; baseline -0.006 -20"><span class='ocrx_word' id='word_1_212' title='bbox 228 3174 255 3224; x_wconf 79' lang='grc' dir='ltr'>ἐν</span> <span class='ocrx_word' id='word_1_213' title='bbox 289 3170 407 3241; x_wconf 80' lang='grc' dir='ltr'>μελέταις</span> <span class='ocrx_word' id='word_1_214' title='bbox 442 3170 676 3241; x_wconf 77' lang='grc' dir='ltr'><em>πλημμελουμένων</em></span> <span class='ocrx_word' id='word_1_215' title='bbox 712 3179 741 3227; x_wconf 92' lang='lat' dir='ltr'>et</span> <span class='ocrx_word' id='word_1_216' title='bbox 775 3179 864 3244; x_wconf 87' lang='lat' dir='ltr'>caput</span> <span class='ocrx_word' id='word_1_217' title='bbox 894 3169 962 3228; x_wconf 80' lang='lat' dir='ltr'>XL:</span> <span class='ocrx_word' id='word_1_218' title='bbox 1000 3165 1060 3240; x_wconf 72' lang='grc' dir='ltr'>περὶ</span> <span class='ocrx_word' id='word_1_219' title='bbox 1089 3161 1175 3241; x_wconf 62' lang='grc' dir='ltr'><em>λόγων</em></span> <span class='ocrx_word' id='word_1_220' title='bbox 1203 3159 1358 3226; x_wconf 68' lang='grc' dir='ltr'><em>ἐξετάσεως,</em></span> 
     </span>
     <span class='ocr_line' id='line_1_27' title="bbox 226 3277 1356 3356; baseline -0.006 -16"><span class='ocrx_word' id='word_1_221' title='bbox 226 3282 345 3340; x_wconf 89' lang='lat' dir='ltr'>Etenim</span> <span class='ocrx_word' id='word_1_222' title='bbox 370 3281 394 3338; x_wconf 90' lang='lat' dir='ltr'>si</span> <span class='ocrx_word' id='word_1_223' title='bbox 417 3281 594 3356; x_wconf 87' lang='lat' dir='ltr'>scripsisset,</span> <span class='ocrx_word' id='word_1_224' title='bbox 618 3283 696 3354; x_wconf 91' lang='lat' dir='ltr'>quod</span> <span class='ocrx_word' id='word_1_225' title='bbox 720 3300 774 3337; x_wconf 92' lang='lat' dir='ltr'>nos</span> <span class='ocrx_word' id='word_1_226' title='bbox 797 3279 968 3352; x_wconf 87' lang='lat' dir='ltr'>infitiamur,</span> <span class='ocrx_word' id='word_1_227' title='bbox 992 3279 1154 3355; x_wconf 89' lang='lat' dir='ltr'>Dionysius</span> <span class='ocrx_word' id='word_1_228' title='bbox 1174 3277 1356 3352; x_wconf 89' lang='lat' dir='ltr'>peculiarem</span> 
     </span>
     <span class='ocr_line' id='line_1_28' title="bbox 228 3390 1358 3468; baseline -0.003 -19"><span class='ocrx_word' id='word_1_229' title='bbox 228 3413 314 3468; x_wconf 90' lang='lat' dir='ltr'>quam</span> <span class='ocrx_word' id='word_1_230' title='bbox 347 3391 450 3449; x_wconf 90' lang='lat' dir='ltr'>dicunt</span> <span class='ocrx_word' id='word_1_231' title='bbox 479 3390 579 3466; x_wconf 67' lang='grc' dir='ltr'><strong><em>τέχνην,</em></strong></span> <span class='ocrx_word' id='word_1_232' title='bbox 610 3411 670 3448; x_wconf 93' lang='lat' dir='ltr'>non</span> <span class='ocrx_word' id='word_1_233' title='bbox 698 3391 902 3466; x_wconf 84' lang='lat' dir='ltr'>intelligimus,</span> <span class='ocrx_word' id='word_1_234' title='bbox 939 3409 989 3448; x_wconf 90' lang='lat' dir='ltr'>cur</span> <span class='ocrx_word' id='word_1_235' title='bbox 1015 3390 1066 3447; x_wconf 92' lang='lat' dir='ltr'>illa</span> <span class='ocrx_word' id='word_1_236' title='bbox 1093 3409 1166 3464; x_wconf 91' lang='lat' dir='ltr'>quae</span> <span class='ocrx_word' id='word_1_237' title='bbox 1194 3390 1231 3446; x_wconf 90' lang='lat' dir='ltr'>ad</span> <span class='ocrx_word' id='word_1_238' title='bbox 1258 3398 1358 3446; x_wconf 86' lang='lat' dir='ltr'>artem</span> 
     </span>
     <span class='ocr_line' id='line_1_29' title="bbox 226 3500 1361 3578; baseline -0.004 -18"><span class='ocrx_word' id='word_1_239' title='bbox 226 3504 319 3578; x_wconf 83' lang='lat' dir='ltr'>ipsam</span> <span class='ocrx_word' id='word_1_240' title='bbox 347 3510 512 3576; x_wconf 87' lang='lat' dir='ltr'>spectarent</span> <span class='ocrx_word' id='word_1_241' title='bbox 538 3501 662 3576; x_wconf 89' lang='lat' dir='ltr'>propriis</span> <span class='ocrx_word' id='word_1_242' title='bbox 685 3502 857 3559; x_wconf 88' lang='lat' dir='ltr'>tractatibus</span> <span class='ocrx_word' id='word_1_243' title='bbox 880 3500 1048 3576; x_wconf 83' lang='lat' dir='ltr'>exposuerit</span> <span class='ocrx_word' id='word_1_244' title='bbox 1070 3519 1166 3574; x_wconf 91' lang='lat' dir='ltr'>neque</span> <span class='ocrx_word' id='word_1_245' title='bbox 1193 3509 1290 3556; x_wconf 92' lang='lat' dir='ltr'>tamen</span> <span class='ocrx_word' id='word_1_246' title='bbox 1313 3501 1361 3556; x_wconf 92' lang='lat' dir='ltr'>ad</span> 
     </span>
     <span class='ocr_line' id='line_1_30' title="bbox 226 3610 1364 3686; baseline -0.003 -14"><span class='ocrx_word' id='word_1_247' title='bbox 226 3615 367 3683; x_wconf 89' lang='lat' dir='ltr'>technon,</span> <span class='ocrx_word' id='word_1_248' title='bbox 401 3631 487 3686; x_wconf 93' lang='lat' dir='ltr'>quam</span> <span class='ocrx_word' id='word_1_249' title='bbox 524 3621 575 3670; x_wconf 91' lang='lat' dir='ltr'>aut</span> <span class='ocrx_word' id='word_1_250' title='bbox 605 3612 761 3686; x_wconf 86' lang='lat' dir='ltr'>scripserat</span> <span class='ocrx_word' id='word_1_251' title='bbox 795 3620 845 3668; x_wconf 89' lang='lat' dir='ltr'>aut</span> <span class='ocrx_word' id='word_1_252' title='bbox 881 3611 1042 3686; x_wconf 88' lang='lat' dir='ltr'>scripturus</span> <span class='ocrx_word' id='word_1_253' title='bbox 1074 3620 1146 3686; x_wconf 91' lang='lat' dir='ltr'>erat,</span> <span class='ocrx_word' id='word_1_254' title='bbox 1184 3610 1364 3685; x_wconf 86' lang='lat' dir='ltr'>provocarit</span> 
     </span>
     <span class='ocr_line' id='line_1_31' title="bbox 227 3714 1363 3798; baseline -0.002 -18"><span class='ocrx_word' id='word_1_255' title='bbox 227 3723 334 3798; x_wconf 91' lang='lat' dir='ltr'>quippe</span> <span class='ocrx_word' id='word_1_256' title='bbox 358 3723 407 3796; x_wconf 92' lang='lat' dir='ltr'>qui</span> <span class='ocrx_word' id='word_1_257' title='bbox 430 3723 498 3780; x_wconf 91' lang='lat' dir='ltr'>libri</span> <span class='ocrx_word' id='word_1_258' title='bbox 520 3719 581 3795; x_wconf 80' lang='grc' dir='ltr'><em>περὶ</em></span> <span class='ocrx_word' id='word_1_259' title='bbox 601 3714 732 3794; x_wconf 59' lang='lat' dir='ltr'>pagiuam</span> <span class='ocrx_word' id='word_1_260' title='bbox 755 3722 862 3780; x_wconf 89' lang='lat' dir='ltr'>oblitus</span> <span class='ocrx_word' id='word_1_261' title='bbox 885 3741 945 3778; x_wconf 92' lang='lat' dir='ltr'>non</span> <span class='ocrx_word' id='word_1_262' title='bbox 968 3721 1006 3778; x_wconf 88' lang='lat' dir='ltr'>sit</span> <span class='ocrx_word' id='word_1_263' title='bbox 1026 3721 1133 3796; x_wconf 89' lang='lat' dir='ltr'>justam</span> <span class='ocrx_word' id='word_1_264' title='bbox 1158 3721 1254 3778; x_wconf 89' lang='lat' dir='ltr'>sacere</span> <span class='ocrx_word' id='word_1_265' title='bbox 1269 3740 1363 3778; x_wconf 89' lang='lat' dir='ltr'>men-</span> 
     </span>
     <span class='ocr_line' id='line_1_32' title="bbox 227 3832 1366 3907; baseline 0 -16"><span class='ocrx_word' id='word_1_266' title='bbox 227 3835 349 3891; x_wconf 88' lang='lat' dir='ltr'>tionem.</span> <span class='ocrx_word' id='word_1_267' title='bbox 401 3833 502 3907; x_wconf 83' lang='lat' dir='ltr'>Atque</span> <span class='ocrx_word' id='word_1_268' title='bbox 538 3832 608 3889; x_wconf 88' lang='lat' dir='ltr'>artis</span> <span class='ocrx_word' id='word_1_269' title='bbox 645 3832 808 3890; x_wconf 88' lang='lat' dir='ltr'>rhetoricae</span> <span class='ocrx_word' id='word_1_270' title='bbox 840 3833 1114 3890; x_wconf 88' lang='lat' dir='ltr'>commemorandae</span> <span class='ocrx_word' id='word_1_271' title='bbox 1146 3832 1256 3905; x_wconf 88' lang='lat' dir='ltr'>ubique</span> <span class='ocrx_word' id='word_1_272' title='bbox 1289 3843 1366 3891; x_wconf 85' lang='lat' dir='ltr'>erat</span> 
     </span>
     <span class='ocr_line' id='line_1_33' title="bbox 226 3942 1365 4017; baseline 0 -16"><span class='ocrx_word' id='word_1_273' title='bbox 226 3944 384 4002; x_wconf 85' lang='lat' dir='ltr'>necessitas</span> <span class='ocrx_word' id='word_1_274' title='bbox 422 3943 451 4000; x_wconf 92' lang='lat' dir='ltr'>in</span> <span class='ocrx_word' id='word_1_275' title='bbox 487 3942 631 4017; x_wconf 89' lang='lat' dir='ltr'>ejusmodi</span> <span class='ocrx_word' id='word_1_276' title='bbox 667 3943 791 4017; x_wconf 86' lang='lat' dir='ltr'>singulis</span> <span class='ocrx_word' id='word_1_277' title='bbox 823 3944 994 3999; x_wconf 89' lang='lat' dir='ltr'>tractatibus</span> <span class='ocrx_word' id='word_1_278' title='bbox 1027 3951 1056 3998; x_wconf 90' lang='lat' dir='ltr'>et</span> <span class='ocrx_word' id='word_1_279' title='bbox 1086 3951 1157 4017; x_wconf 91' lang='lat' dir='ltr'>puto</span> <span class='ocrx_word' id='word_1_280' title='bbox 1193 3943 1231 3999; x_wconf 88' lang='lat' dir='ltr'>ad</span> <span class='ocrx_word' id='word_1_281' title='bbox 1263 3943 1365 4001; x_wconf 86' lang='lat' dir='ltr'>talem</span> 
     </span>
     <span class='ocr_line' id='line_1_34' title="bbox 225 4053 1367 4128; baseline 0.002 -18"><span class='ocrx_word' id='word_1_282' title='bbox 225 4055 351 4128; x_wconf 86' lang='lat' dir='ltr'>aliquam</span> <span class='ocrx_word' id='word_1_283' title='bbox 376 4054 557 4128; x_wconf 88' lang='lat' dir='ltr'>deperditam</span> <span class='ocrx_word' id='word_1_284' title='bbox 581 4053 857 4112; x_wconf 90' lang='lat' dir='ltr'>commentationem</span> <span class='ocrx_word' id='word_1_285' title='bbox 882 4053 967 4110; x_wconf 87' lang='lat' dir='ltr'>etiarn</span> <span class='ocrx_word' id='word_1_286' title='bbox 993 4053 1138 4127; x_wconf 87' lang='lat' dir='ltr'>pertinere</span> <span class='ocrx_word' id='word_1_287' title='bbox 1166 4073 1241 4128; x_wconf 91' lang='lat' dir='ltr'>quae</span> <span class='ocrx_word' id='word_1_288' title='bbox 1264 4053 1367 4112; x_wconf 85' lang='lat' dir='ltr'>nobis</span> 
     </span>
     <span class='ocr_line' id='line_1_35' title="bbox 226 4163 1092 4238; baseline -0.005 -14"><span class='ocrx_word' id='word_1_289' title='bbox 226 4165 360 4224; x_wconf 80' lang='lat' dir='ltr'>Joannes</span> <span class='ocrx_word' id='word_1_290' title='bbox 382 4165 505 4222; x_wconf 83' lang='lat' dir='ltr'>Tactzes</span> <span class='ocrx_word' id='word_1_291' title='bbox 528 4174 557 4222; x_wconf 95' lang='lat' dir='ltr'>et</span> <span class='ocrx_word' id='word_1_292' title='bbox 579 4164 709 4238; x_wconf 85' lang='lat' dir='ltr'>Gorgias</span> <span class='ocrx_word' id='word_1_293' title='bbox 733 4163 837 4220; x_wconf 90' lang='lat' dir='ltr'>Pletho</span> <span class='ocrx_word' id='word_1_294' title='bbox 861 4164 988 4220; x_wconf 87' lang='lat' dir='ltr'>tradunt.</span> <span class='ocrx_word' id='word_1_295' title='bbox 1089 4201 1092 4207; x_wconf 90' lang='lat'>-</span> 
     </span>
    </p>
   </div>
   <div class='ocr_carea' id='block_1_5' title="bbox 0 0 1526 4790">
    <p class='ocr_par' dir='ltr' id='par_1_5' title="bbox 0 0 1526 4790">
     <span class='ocr_line' id='line_1_36' title="bbox 0 0 1526 4790; baseline 0 1"><span class='ocrx_word' id='word_1_296' title='bbox 0 0 1526 4790; x_wconf 95' lang='lat' dir='ltr'> </span> 
     </span>
    </p>
   </div>
  </div>
 </body>
</html>
