3042 4790
26 1541 28 1608 λ

595 303 807 364 ..37-

132 471 178 532 τὸν
197 468 329 549 Ὑρμινόν
344 466 505 544 διαβάντας“
520 515 526 528 .
544 515 549 525 .
566 515 595 526 ..
642 469 733 529 Ταύτα
753 465 778 526 δ’
800 465 865 542 άηδῆ
885 467 955 528 πάνυ
978 465 1029 528 ὅντ’
1054 472 1113 548 ἐμοί
1134 475 1261 545 φαίνεται.

133 580 245 660 Μικρὸς
267 582 296 639 δέ
317 582 379 658 περί
401 578 492 638 πάσαν
514 579 586 638 ίδέαν
607 582 662 638 ἐστὶ
683 582 728 638 καὶ
743 576 844 652 ἇτελὴς,
867 578 913 638 έάν
927 604 954 638 τε
968 584 1120 657 πολιορκίας
1135 580 1261 660 διηγῆται,

134 691 179 751 ἐάν
194 688 217 749 τ’
236 689 388 767 οἰκισμούς,
413 687 458 749 έάν
472 686 493 747 τ’
511 694 647 758 ἐπαίνους,
671 688 716 749 έάν
730 714 758 748 τε
772 688 876 768 ψόγους
895 692 1094 768 διαπορέυηται·
1119 687 1175 749 ἀλλ’
1201 688 1263 751 ούδέ

135 809 190 866 τοῖς
221 805 353 879 μεγέθεσι
384 799 437 858 τῶν
470 795 572 878 ἀνδρῶν
606 800 747 866 συνεξισῶν
776 798 839 865 τούς
868 796 964 878 λόγους
993 799 1136 877 ψοφοδεῶς
1167 798 1263 866 αύτούς

134 911 391 988 δημηγορούντας1)
424 912 468 968 καί
496 914 660 974 ἐλλείποντας
687 909 732 982 τῆς
759 908 828 967 κατὰ
858 909 905 974 τὰς
935 915 1101 988 προαιρέσεις
1132 910 1264 988 δυνάμεως

135 1018 235 1097 ὁμοίως
258 1019 381 1084 ἅπαντας
403 1026 480 1078 ποιεί.
525 1017 677 1096 Εύστομέαν
699 1022 727 1078 δέ
749 1043 807 1078 τινα
829 1018 940 1095 φυσικὴν
961 1021 1103 1099 εἰςφέρεται
1124 1020 1192 1079 κατὰ
1218 1020 1264 1094 τὴν

134 1135 287 1208 ἑρμηνείαν,
309 1133 355 1214 καὶ
377 1127 482 1189 σύνεσιν
503 1128 677 1202 ἐπιτευκτικὴν
697 1129 746 1189 τού
767 1133 881 1208 μετρίου.
926 1129 1003 1208 Πρὸς
1030 1133 1058 1189 δέ
1080 1130 1142 1197 τούς
1164 1127 1261 1205 άληθι-

133 1239 198 1305 νούς
221 1237 327 1319 άγῶνας
349 1237 555 1318 ἐπιτηδειότερος
578 1242 748 1300 Θουκυδίδου.

223 1355 297 1430 Cap.
325 1357 379 1414 VI.
432 1349 593 1428 Θεόπομπος
619 1347 644 1408 δ’
675 1348 723 1424 5²)
751 1358 821 1415 Χίος
848 1354 1056 1425 ἐπιφανέστατος
1082 1348 1186 1410 πάντων
1213 1353 1264 1412 τῶν

130 1458 309 1538 Ἰσοκράτους
330 1459 463 1536 μαθητῶν
483 1459 623 1540 γενόμενος
649 1463 694 1520 καὶ
714 1460 829 1526 πολλούς
849 1466 896 1538 μὲν
918 1460 1123 1540 πανηγυρικούς,
1150 1461 1264 1526 πολλούς

134 1574 162 1630 δὲ
197 1569 435 1648 συμβουλευτικούς
465 1569 659 1647 συνταξάμενος
688 1569 796 1650 λόγους,
828 1568 968 1636 ἐπιστολάς
998 1595 1026 1629 τε
1052 1569 1098 1636 τάς
1125 1571 1226 1637 Χιακὰς
1237 1575 1263 1648 ³)

134 1686 354 1760 ἐπιγραφομένας
381 1683 426 1738 καί
446 1678 592 1753 ὑποθήκας
614 1677 704 1749 ἄλλας,
728 1679 810 1760 λόγου
825 1678 851 1739 δ’
875 1678 953 1748 άξίαν
968 1683 1087 1760 ἱστορίαν
1101 1705 1262 1760 πεπραγμα-

133 1797 273 1868 τευμένος,
297 1789 372 1857 άξιάς
394 1798 464 1850 ἐστιν
487 1798 657 1850 ἐπαινεῖσθαι
679 1791 786 1869 πρῶτον
806 1797 854 1867 μὲν
875 1792 920 1864 τῆς
941 1788 1100 1857 ὑποθέσεως
1122 1793 1173 1850 τῶν
1188 1795 1262 1851 ἱστο-

134 1904 214 1980 ριῶν·
252 1903 331 1960 καλαί
361 1900 414 1980 γάρ
446 1897 606 1980 ἀμφότεραι,
638 1897 654 1973 ἦ
681 1905 729 1978 μέν
757 1899 790 1958 τά
819 1899 900 1960 λοιπά
930 1901 978 1960 τού
1008 1903 1263 1976 Πελοποννησιακοῦ

134 2017 257 2088 πολέμου
284 2017 458 2090 περιέχουσα,
494 2007 510 2084 ἦ
541 2013 569 2070 δέ
598 2010 632 2069 τά
665 2015 786 2088 Φιλίππῳ
817 2015 1001 2092 πεπραγμένα·
1039 2015 1128 2072 ἔπειτα
1160 2015 1189 2072 δὲ
1218 2013 1263 2086 τῆς

135 2125 303 2199 οἰκονομίας·
328 2118 477 2200 άμφότεραι
498 2119 551 2200 γάρ
573 2122 637 2180 εἰσιν
658 2117 928 2200 εὐπαρακολούθητοι
950 2124 994 2180 καὶ
1015 2129 1120 2198 σαφεῖς·
1147 2121 1262 2200 μάλιστα

136 2237 164 2293 δὲ
188 2235 236 2304 τῆς
259 2237 403 2310 ἐπιμελείας
424 2256 452 2291 τε
472 2234 517 2290 καί
538 2236 695 2303 φιλοπονίας
716 2232 761 2306 τῆς
781 2230 850 2290 κατὰ
869 2231 916 2304 τὴν
930 2232 1097 2311 συγγραφήν·
1121 2235 1198 2306 δῆλος
1211 2233 1263 2312 γάρ

136 2352 212 2403 ἐστιν
236 2345 259 2401 εἰ
286 2346 331 2401 καί
351 2345 431 2420 μηδὲν
453 2344 591 2421 έγροφεί)
614 2347 737 2416 πλείστην
757 2347 805 2420 μέν
826 2341 995 2420 παρασκευὴν
1017 2345 1052 2408 εἰς
1071 2345 1156 2402 ταῦτα
1180 2368 1262 2422 παρε-

137 2458 318 2529 σκευασμένος
339 2457 463 2532 μεγίστας
489 2455 518 2512 δέ
539 2451 660 2518 δαπάνας
681 2454 719 2517 εἷς
746 2451 793 2527 τὴν
822 2452 978 2532 συναγωγὴν
1007 2452 1093 2512 αύτῶν
1122 2452 1262 2521 τετελεκώς,

135 2567 182 2622 καί
196 2562 266 2642 πρὸς
280 2562 385 2628 τούτοις
406 2563 509 2623 πολλῶν
529 2569 577 2641 μέν
592 2560 725 2636 αὖτόπτης
737 2569 917 2642 γεγενημένος,
940 2569 1047 2629 πολλοῖς
1067 2560 1092 2620 δ’
1111 2565 1146 2628 εἰς
1162 2561 1264 2640 ὁμιλίαν

136 2673 229 2734 ἐλθών
239 2678 265 2752 ⁵)
288 2670 400 2751 άνδράσι
421 2680 476 2739 τοίς
497 2671 557 2733 τότε
582 2671 747 2752 πρωτεύουσι
772 2676 817 2731 καί
843 2680 1001 2753 στρατηγοῖς
1026 2676 1071 2731 καί
1098 2675 1264 2753 δημαγωγοῖς

135 2809 163 2844 τε
185 2786 232 2842 καί
254 2783 414 2859 φιλοσόφοις
436 2784 479 2842 διά
507 2783 553 2858 τὴν
580 2781 750 2862 συγγραφήν
783 2780 815 2843 ού
841 2781 894 2862 γάρ
921 2783 1010 2861 ὥσπερ
1037 2789 1102 2850 τινές
1128 2783 1264 2864 πάρεργον

135 2895 185 2955 τοι]
211 2896 270 2970 βίου
292 2893 339 2966 τὴν
362 2891 519 2974 ἀναγραφὴν
540 2895 585 2965 τῆς
611 2897 729 2971 ἱστορίας
756 2891 912 2967 ἐποιήσατο,
946 2897 1023 2973 ἔργον
1050 2897 1078 2953 δέ
1103 2893 1134 2953 τὸ
1158 2893 1264 2954 πάντων

136 3002 359 3084 άναγναιότατον.
395 3009 474 3078 Γνοίη
496 3002 522 3063 δ’
545 3002 578 3064 άν
599 3027 637 3070 τις
660 3000 743 3065 αύτοῦ
764 3004 811 3062 τὸν
832 3003 917 3064 πόνον
938 3008 1103 3082 ἐνθυμηθείς
1125 3005 1156 3065 τό
1181 3005 1263 3066 πολύ-

135 3140 244 3194 μορφον
265 3115 311 3188 τῆς
331 3115 443 3194 γραφῆς.
487 3118 544 3174 Καὶ
565 3113 618 3195 γάρ
640 3117 686 3174 καὶ
708 3115 796 3174 έθνῶν
817 3121 916 3194 εἴρηκεν
939 3114 1075 3193 οἰκισμούς
1096 3119 1140 3175 καί
1161 3116 1264 3177 πόλεων

209 3363 229 3425 ¹)
249 3364 358 3414 Codices
380 3364 489 3413 hubent:
517 3357 588 3413 ἀλλὰ
606 3364 741 3422 ψοφοδεεῖς
761 3361 805 3411 καί
823 3360 897 3425 τοὺς,
925 3367 1038 3415 correxit
1055 3366 1263 3427 Herwerdeuius3

134 3452 246 3501 eundem
265 3451 344 3499 secuti
370 3465 456 3499 sumus
473 3450 499 3498 in
518 3451 694 3512 sequentibus,
722 3451 766 3500 ubi
791 3451 890 3499 codices
914 3451 1022 3500 hubent:
1050 3449 1264 3516 δημηγοροῦντας

135 3532 306 3584 καταλείπειν
324 3532 371 3588 τὰς
390 3531 509 3592 δυνάμεις
528 3532 573 3582 καὶ
589 3531 638 3589 τοὶς
657 3533 833 3600 προαιρέσεις.

207 3618 227 3682 ²)
246 3621 390 3670 Articulum
408 3620 483 3682 plane
500 3621 669 3670 necessarium
688 3622 809 3670 omittunt
827 3621 938 3682 codices3
959 3621 1016 3669 vide
1035 3620 1203 3684 Kruegerum.

206 3703 229 3765 ³)
248 3705 447 3754 Ambrosianus:
464 3700 615 3770 Ἀρχαϊιάς,
635 3707 711 3756 ceteri
730 3707 842 3756 codices:
859 3699 999 3766 Ἀχαϊκάςς
1017 3705 1179 3756 scribendum
1196 3706 1263 3757 vide-

130 3803 175 3842 tur
193 3785 312 3844 Χιακοίς.

205 3873 229 3937 ⁴)
248 3875 458 3926 Herwerdenius:
488 3876 570 3938 „Quid
599 3877 662 3926 huuc
685 3877 734 3926 sibi
763 3876 852 3936 velim,
880 3889 933 3925 non
960 3877 1021 3926 sutis
1047 3876 1187 3941 intellig0.“
1228 3877 1264 3926 At

129 3963 215 4013 facile
231 3962 341 4020 intelligi
359 3976 433 4024 posse
452 3961 527 4010 nobis
545 3962 673 4023 videntur,
697 3962 887 4012 subaudiendus
906 3969 943 4012 est
959 3962 1110 4012 infinitivus:
1138 3958 1264 4026 πλείστην

130 4043 312 4115 παρασκευὴν
330 4041 559 4111 παρισιιιυάσθαι.

206 4129 229 4194 ⁵)
249 4131 332 4181 Eerw.
349 4133 446 4180 mavult
465 4127 608 4195 ίληλοθώς,
626 4133 696 4196 quod
714 4147 767 4182 nou
785 4133 954 4182 necessarium
972 4140 1015 4181 est.
