3042 4790
735 358 925 417 -6-

270 548 313 582 και
333 527 503 590 κατασκευαί,
534 520 568 586 ὡς
590 529 693 588 ἐντοῖς
713 569 837 586 .....
861 530 887 582 ἐν
909 520 996 589 ἄλλοις
1017 548 1045 582 τι
1066 531 1171 598 συχνοῖς
1193 523 1239 591 οὓς
1262 524 1276 585 d
1300 533 1383 603 Δημα-

270 637 370 706 σθένης
392 629 439 690 οὐκ
461 635 576 711 ἔγραψεν
598 640 624 690 ἐν
646 637 720 712 ἑτέρᾳ
742 634 880 706 ἅηλοῦιταί
903 659 950 711 μοι
971 640 1136 713 πραγματείᾳ
1155 635 1188 693 τὰ
1213 639 1274 715 περὶ
1300 646 1384 714 Δημο-

272 748 374 816 σθένη,
398 749 489 806 verba
511 758 641 806 extrema
664 768 738 823 quae
761 749 824 806 sine
848 750 938 807 dubio
962 759 1097 825 corrupta
1119 761 1187 808 srmt
1202 772 1257 810 nos
1273 755 1383 828 quidem

271 868 303 916 ut
325 861 429 917 breves
453 859 541 917 simus
564 859 605 916 ita
628 860 860 917 emendarimus:
883 861 910 913 εἰν
932 859 1005 933 ἑτέρᾳ
1028 855 1154 929 δηλοῦταί
1166 881 1213 934 μοι
1226 863 1386 936 πραγματείᾳ

271 970 387 1028 omissis
411 969 561 1027 vocabulis
583 963 616 1021 τὰ
643 966 703 1042 περὶ
725 956 888 1040 Δημοσθένη
915 989 989 1044 quae
1016 973 1101 1030 nobis
1129 975 1283 1030 molestum
1311 975 1387 1031 addi-

269 1089 430 1138 tamentum
455 1080 593 1137 videntur
616 1099 687 1137 esse.
732 1079 791 1138 Sed
813 1089 878 1136 utut
898 1081 971 1138 haee
986 1081 1141 1140 scribenda
1156 1093 1237 1154 suut,
1260 1084 1386 1141 Blassius

270 1211 298 1266 p.
331 1189 368 1249 13
404 1209 441 1247 ex
474 1189 521 1246 his
551 1190 701 1246 concludit
734 1191 879 1264 respicere
915 1191 1085 1265 scriptorem
1119 1193 1156 1250 ad
1190 1193 1296 1253 librum
1328 1195 1385 1270 jam

271 1301 479 1376 compositum,
515 1318 573 1373 quo
606 1301 775 1374 exposuerit
807 1301 843 1358 de
873 1301 1056 1359 orationibus
1084 1303 1280 1362 Demostheni
1317 1305 1388 1364 falso

270 1412 412 1487 ascriptis.
465 1411 513 1467 Ne
544 1411 601 1468 hoc
632 1411 750 1485 quidem
785 1411 851 1468 loco
882 1412 1017 1468 assentiri
1048 1431 1217 1486 possumus:
1249 1415 1390 1473 credimus

271 1505 464 1598 compositum
489 1529 518 1578 et
540 1521 677 1595 scriptum
705 1539 768 1578 esse
794 1511 900 1577 librum
924 1523 960 1578 de
982 1523 1193 1580 Demosthenis
1222 1524 1252 1581 vi
1275 1525 1391 1583 dicendi

270 1642 428 1706 antequam
451 1631 613 1708 Dionysius
643 1629 736 1688 edidit
763 1631 869 1688 librum
899 1633 935 1689 de
964 1632 1026 1706 ejus
1050 1634 1232 1692 orationibus
1255 1637 1394 1710 genuinis

270 1744 384 1818 spuriis.
429 1742 546 1798 Tertius
568 1741 664 1812 locus,
695 1741 746 1797 ubi
773 1761 837 1798 cum
860 1742 976 1800 Blassio
1000 1762 1137 1817 praesens
1160 1740 1283 1811 δηλοῦται
1304 1747 1395 1805 inter-

271 1858 402 1929 pretante
426 1852 522 1909 facere
545 1871 604 1908 non
628 1871 794 1926 possumus,
816 1853 944 1927 pertinet
972 1854 1010 1911 ad
1032 1853 1158 1912 Isaeum.
1201 1857 1281 1913 Num
1305 1876 1395 1932 pecu-

270 1965 351 2022 liaris
381 1963 456 2019 liber
479 1964 515 2020 de
547 1962 625 2020 Isaei
657 1962 840 2020 orationibus
866 1983 904 2019 an
932 1961 1138 2021 commentatio
1163 1966 1198 2023 de
1220 1968 1396 2026 auctoritate

270 2076 419 2132 titulorum
445 2092 517 2146 quos
544 2075 654 2130 habent
681 2092 740 2128 non
769 2082 919 2130 accuratos
950 2073 1097 2131 orationes
1127 2075 1318 2152 intelligenda
1344 2079 1397 2153 sit,

270 2206 334 2242 cum
359 2183 522 2261 Dionysius
546 2185 581 2240 de
603 2183 689 2240 Isaeo
713 2203 775 2257 cap.
797 2182 837 2239 II.
860 2202 888 2257 p.
911 2180 971 2241 589
993 2185 1029 2242 R..
1052 2185 1123 2242 haec
1145 2186 1265 2242 habeat:
1289 2178 1337 2239 οὐκ
1361 2181 1399 2242 div

271 2293 389 2368 διαγνοίη
412 2311 449 2353 τις
481 2290 574 2365 padue
604 2287 719 2351 πολλοὺς
748 2289 800 2345 τῶν
829 2285 914 2366 λόγων
936 2286 1069 2366 ὁποτέρου
1096 2291 1148 2347 τῶν
1173 2287 1290 2369 ῥητόρων
1313 2293 1398 2373 εἰσίν,

271 2397 336 2458 ἄλλα
358 2396 576 2477 παρακρούσεται
597 2405 653 2462 ταῖς
676 2405 834 2476 ἐπιγραφαῖς
857 2395 978 2475 αι’δαμῶς
1000 2397 1112 2478 ἀκριβῶς
1134 2399 1268 2474 ἐχούσαις,
1292 2399 1328 2467 ὦς
1349 2403 1399 2462 διὰ

271 2513 336 2576 ittae
358 2511 484 2583 dqtodrut'
502 2534 549 2586 μοι
569 2510 686 2587 γραφῆς,
716 2517 785 2585 hoc,
809 2515 888 2582 dico,
913 2514 1022 2590 ambigi
1045 2525 1150 2590 potest.
1195 2515 1254 2575 Sed
1281 2518 1400 2577 fallitur

270 2628 401 2685 Blassius
428 2646 455 2701 p.
482 2623 519 2684 16
547 2626 597 2700 qui
625 2625 675 2682 illa
702 2625 790 2681 verba
817 2625 925 2700 accipit
952 2627 1112 2700 de‚libello
1131 2627 1193 2701 jam
1217 2630 1398 2704 conscripto,

270 2738 416 2811 Equidem
440 2757 477 2794 ex
499 2737 550 2793 illo
574 2745 704 2810 tempore
726 2735 874 2809 praesenti
897 2729 1020 2803 δηλοῦται
1034 2736 1108 2792 nihil
1124 2732 1204 2794 aliud
1219 2741 1397 2797 concludam

270 2849 327 2905 nisi
356 2847 534 2922 Dionysium
569 2855 629 2903 tum
660 2845 800 2920 temporis
835 2846 865 2902 in
896 2847 1050 2904 scribendo
1084 2847 1136 2905 illo
1171 2857 1295 2906 tractatu
1328 2871 1399 2908 ver-

271 2971 364 3016 satum
395 2977 471 3030 esse,
501 2957 543 3014 ita
569 2966 602 3014 ut
627 2966 781 3031 postquam
815 2956 906 3013 edidit
931 2966 1086 3014 tractatum
1116 2959 1165 3032 qui
1194 2969 1325 3018 servatus
1351 2970 1402 3019 est

272 3072 309 3126 de
338 3069 424 3128 Isaeo
455 3077 517 3124 tum
548 3067 660 3141 majore
691 3067 739 3124 vel
775 3067 888 3124 minore
924 3069 1063 3142 temporis
1094 3069 1190 3143 spatio
1224 3071 1401 3130 intermisso

270 3179 381 3257 publici
400 3178 475 3254 juris
499 3177 607 3234 faceret
628 3177 709 3233 illum
733 3177 783 3250 qui
806 3197 866 3233 non
886 3177 947 3251 jam
972 3187 1053 3235 extat
1074 3179 1137 3236 sive
1164 3180 1201 3237 de
1222 3180 1302 3238 Isaci
1330 3201 1403 3239 ora-

270 3291 401 3348 tionibus
424 3288 485 3347 sive
509 3289 544 3344 de
567 3287 807 3362 inscriptionibus
830 3307 890 3345 non
906 3289 1047 3345 accuratis
1062 3288 1179 3347 librum.
1215 3290 1407 3366 Fragmenta

271 3421 346 3476 quae
370 3401 406 3458 ad
430 3400 649 3456 alterumutrum
674 3407 875 3473 argumentum
898 3407 1030 3473 spectent
1054 3401 1136 3457 nulla
1159 3400 1337 3458 invenimus.
1354 3431 1405 3440 —

271 3514 407 3570 Fortasse
435 3511 471 3566 de
498 3517 602 3567 neutra
627 3528 658 3565 re
685 3509 858 3583 peculiarem
886 3510 1161 3567 commentationem
1185 3511 1311 3584 scripsit,
1344 3514 1406 3569 sed

270 3621 408 3680 tractavit
430 3639 479 3678 eas
501 3639 548 3678 res
572 3619 655 3694 quasi
677 3611 812 3691 πάρεργον
838 3638 898 3676 una
924 3619 955 3676 in
983 3620 1059 3677 libro
1087 3620 1123 3676 de
1149 3621 1257 3694 Lysiae
1286 3622 1406 3680 oratio·

271 3732 357 3790 nibus
380 3730 640 3806 pseudepigraphis
663 3729 714 3786 ubi
738 3729 864 3803 optimus
893 3737 954 3786 erat
978 3731 1061 3787 locus
1089 3730 1207 3788 dicendi
1234 3732 1269 3788 de
1293 3734 1406 3791 multis

272 3843 453 3901 orationibus
476 3861 551 3915 quae
573 3848 669 3897 utrum
698 3849 797 3926 essent
820 3840 928 3916 Lysiae
955 3860 992 3896 an
1015 3840 1093 3898 Isaei
1120 3861 1215 3916 neque
1242 3841 1331 3900 facile
1361 3864 1406 3902 ex

271 3954 421 4026 utriusque
441 3951 564 4010 oratoris
583 3970 693 4026 genere
717 3950 832 4008 dicendi
853 3950 961 4025 quippe
977 3950 1126 4009 simillimo
1143 3971 1238 4026 neque
1259 3973 1296 4010 ex
1314 3954 1407 4012 falla-

271 4063 352 4120 cibus
371 4063 536 4120 orationum
555 4061 795 4136 inscriptionibus
809 4061 896 4117 statui
906 4070 1029 4135 poterat.
1056 4058 1115 4119 Sed
1129 4062 1218 4118 instat
1233 4064 1409 4122 necessitas

270 4173 447 4247 properandi
466 4173 503 4230 ad
522 4172 661 4248 Dionysii
682 4191 756 4246 opus
778 4168 837 4244 περὶ
853 4163 968 4244 ἆρχαίων
982 4163 1110 4246 ῥητόρων,
1135 4173 1171 4230 de
1187 4191 1244 4246 quo
1260 4173 1413 4234 Blassius
