3042 4790
697 309 887 369 ..2-

185 459 187 466 .
230 483 432 542 Demosthene
447 479 750 554 MDCCCXXXIX,
773 481 823 556 qui
846 480 1047 556 quaestionem
1065 483 1101 540 de
1116 450 1247 558 tempore
1263 485 1353 558 scrip·

230 598 327 649 torum
350 591 562 650 rhetoricorum
586 593 696 667 primus
719 591 847 649 breviter
869 592 900 649 in
923 591 1104 667 praefatione
1127 593 1232 670 tetigit.

317 700 351 760 O.
381 702 411 760 J.
442 702 628 759 Weismanni
666 703 701 760 de
732 703 770 759 D.
801 702 839 759 Η.
871 702 934 760 vita
970 710 999 760 et
1035 703 1149 804 scriptis
1187 704 1352 762 dissertatio

130 821 132 828 '
230 810 544 884 MDGOCXXXVII,
566 812 699 876 Rintelii.

239 926 243 934 '
315 924 422 997 Aeque
452 931 539 996 atque
568 923 779 980 Weismanuus
808 922 839 979 in
870 922 993 980 Beckeri
1024 923 1137 998 judicio
1170 923 1274 980 nititur
1303 925 1352 982 Fr.

231 1033 388 1092 Jacobsius
411 1033 442 1090 in
465 1033 605 1090 Halensis
629 1033 874 1108 encyclopaediae
898 1031 928 1090 S.
950 1034 973 1090 I.
996 1035 1055 1090 vol.
1077 1033 1179 1091 XXV.

317 1142 488 1218 Sequuntur
517 1143 690 1218 scriptorum
722 1143 860 1220 Dionysii
892 1143 1051 1201 editiones:
1089 1145 1127 1201 H.
1158 1144 1196 1202 A.
1227 1142 1354 1202 Schottii

232 1239 339 1312 editio‘
359 1253 428 1310 artis
466 1252 606 1338 Dionysii
643 1272 718 1327 quae
760 1255 848 1328 vulgo
891 1253 983 1310 fertur
1023 1254 1198 1326 rhetoricae,
1235 1254 1354 1328 Lipsiae

232 1361 433 1424 MDCOCIV.

321 1472 399 1531 God.
415 1471 565 1531 Schaeferi
589 1473 678 1531 editio
694 1473 869 1550 Dionysiani
888 1474 956 1532 libri
975 1470 1035 1546 περὶ
1050 1473 1202 1533 συνθέσεως
1218 1464 1355 1544 ὀνομάτων

232 1581 466 1644 MDCCCVIII.

318 1693 458 1753 Omnium
474 1693 613 1770 Dionysii
628 1694 668 1750 H.
684 1694 858 1770 scriptorum
876 1695 1035 1753 editiones:
1051 1693 1210 1770 Sylburgii,
1226 1693 1357 1751 Franco-

232 1804 302 1862 furti
328 1803 569 1876 MDLXXXVI,
598 1803 627 1862 J.
654 1803 683 1862 J.
710 1804 840 1878 Reiskii,
868 1805 987 1880 Lipsiae
1016 1801 1293 1871 MDCCLXXVIL
1327 1813 1358 1861 et

233 1914 323 1973 editio
346 1923 514 1990 stereotypa
536 1933 609 1988 qnae
632 1921 743 1970 textum
767 1914 877 1972 Reishii
900 1935 960 1972 non
983 1914 1052 1971 satis
1074 1921 1207 1972 accurate
1229 1913 1357 1988 repetiit,

232 2024 451 2083 Tauchnitiana
472 2021 715 2083 MDCCCXXV.
811 2063 815 2070 ·

317 2135 348 2192 N
350 2154 388 2192 on
398 2133 541 2208 inspicere
551 2134 699 2209 potuimus
709 2134 868 2192 editionem
879 2128 1112 2192 GrosiiParisini
1122 2152 1209 2207 quarn
1217 2133 1357 2192 laudibus

233 2247 316 2304 effert
330 2246 370 2302 W
372 2245 553 2316 eismannus,
575 2264 635 2302 non
652 2245 752 2318 magui
768 2244 838 2302 facit
853 2245 997 2316 Blassius,
1020 2263 1115 2318 neque
1136 2238 1236 2318 adepti
1255 2262 1367 2302 sumus.

232 2357 283 2412 Fr.
304 2354 413 2412 Ranhii
434 2354 471 2410 ad
493 2353 532 2410 A.
551 2353 746 2412 Ziemannnm
770 2353 921 2429 epistolam
945 2355 1133 2429 praemissam
1157 2353 1359 2412 dissertationi

233 2465 321 2541 hujus
344 2465 381 2522 de
403 2465 481 2521 bello
503 2463 635 2538 Philippi
658 2463 836 2540 Olynthiaco
859 2463 1148 2536 MDCCCXXXH;
1175 2465 1207 2522 in
1234 2483 1292 2538 qna
1315 2493 1359 2502 -

235 2584 303 2633 sunt
333 2575 443 2632 Blassii
479 2576 552 2632 haec
588 2575 677 2632 verba
708 2606 748 2613 -
778 2593 976 2650 „quamquam
1006 2594 1099 2650 pauca
1124 2577 1242 2632 ¹tantum
1280 2593 1359 2648 quae

234 2688 291 2744 huc
319 2685 502 2762 pertinerent
536 2683 647 2760 attigit,
677 2685 795 2761 egregie
825 2696 922 2742 tamen
951 2685 1073 2760 protulit
1096 2686 1131 2743 de
1156 2685 1198 2742 eis
1222 2692 1250 2742 et
1271 2693 1360 2742 acute

234 2796 386 2854 inventa.“

318 2907 474 2964 Librorum
505 2907 610 2980 quibus
639 2906 671 2963 in
700 2905 824 2981 singulis
853 2906 940 2982 hujus
976 2903 1191 2980 disquisitionis
1224 2904 1360 2980 partibus

233 3035 304 3076 usus
327 3036 390 3074 sum
413 3016 572 3074 mentionis
594 3016 746 3074 faciendae
768 3015 845 3074 inira
866 3018 947 3075 loeus
971 3015 1032 3073 erit.

319 3127 500 3201 Fragmenta
524 3127 616 3202 igitur
642 3126 667 3184 si
695 3126 782 3186 nobis
806 3126 1012 3202 proposuimus
1042 3144 1231 3199 componere,
1260 3127 1361 3201 primo

234 3240 300 3296 loco
317 3257 351 3295 ea
366 3237 499 3311 quaestio
515 3238 667 3294 tractanda
683 3245 739 3309 cst,
764 3256 822 3310 quo
843 3237 946 3295 ordine
962 3236 1079 3312 singula
1094 3236 1234 3313 Dionysii
1249 3238 1361 3312 scripta

233 3347 379 3405 rhetorica
402 3355 430 3404 et
453 3366 526 3422 quae
549 3357 665 3404 servata
688 3355 716 3404 et
739 3365 814 3420 quae
837 3347 944 3406 amissa
966 3355 1035 3404 sunt
1056 3347 1133 3404 inter
1155 3365 1186 3405 se
1202 3349 1361 3411 subsecuta

235 3477 298 3516 esse
328 3458 458 3532 putanda
491 3457 563 3530 sint,
598 3465 632 3514 ut
661 3457 803 3514 rationem
836 3466 865 3515 et
894 3458 989 3532 legem
1024 3459 1168 3532 quandam
1199 3458 1360 3516 habeamus

234 3587 293 3643 qua
315 3587 387 3642 quas
403 3567 618 3642 deperditorum
634 3567 775 3625 librorum
791 3567 990 3626 invenerimus
1005 3568 1144 3642 reliquias
1161 3568 1360 3642 disponamus

233 3679 381 3736 Accurate
404 3697 481 3735 unus
502 3679 578 3735 hanc
602 3678 802 3752 quaestionem
820 3677 952 3736 Blassius
968 3678 999 3734 in
1013 3677 1132 3734 laudata
1152 3677 1360 3736 dissertatione

234 3787 374 3860 instituit,
396 3788 440 3845 ita
461 3797 493 3846 ut
516 3789 602 3846 nobis
624 3789 783 3846 videndum
807 3788 974 3862 fueritque
996 3808 1034 3846 ex
1055 3797 1137 3863 parte
1160 3788 1238 3845 illius
1261 3789 1362 3864 dispo=

235 3899 351 3957 sitionis
382 3899 508 3976 vestigia
538 3909 588 3958 ant
618 3900 769 3973 sequenda
799 3908 849 3957 aut
879 3898 1000 3958 vitanda
1032 3898 1098 3956 sint.
1157 3897 1364 3974 Quaecunque

235 4019 332 4067 eutem
355 4018 433 4067 recte
457 4011 543 4069 nobis
558 4009 691 4068 Blassius
713 4010 831 4068 videtur
852 4009 1003 4081 statuisse,
1025 4009 1081 4066 hoc
1103 4009 1169 4066 loco
1185 4028 1246 4067 non
1262 4011 1364 4068 denuo

235 4120 476 4194 retractabimus,¹
503 4122 555 4179 sed
582 4141 616 4180 ea
642 4129 755 4179 tantum
784 4119 986 4194 tractabimuS,
1017 4120 1048 4176 in
1076 4119 1183 4194 quibus
1210 4129 1243 4178 ut
1274 4120 1365 4179 nobis
