3042 4790
631 324 842 385 -χρ,

177 484 216 562 ἐφ’
246 485 307 564 ήμῒν
335 485 400 547 είναι·
430 489 489 547 οἵαν
518 483 643 565 άξιοῦμεν
672 492 748 564 ἔχειν·
780 490 825 565 τής
853 494 882 550 δέ
910 498 1089 570 προαιρέσεως
1119 490 1195 553 οὐδὲν
1220 500 1298 574 μέρος

177 600 247 657 ἐστίν
269 589 302 657 οὗ
322 597 358 675 μή
380 597 427 672 τήν
449 603 572 664 ἐξουσίαν
592 597 664 676 ήμείς
686 603 785 677 ἔχομεν.

260 715 378 790 Fragm.
393 715 457 772 XX.
473 716 594 775 Maxim.
610 717 736 774 Planud.
752 719 800 775 W.
816 719 903 776 rheti.
919 738 961 794 gr.
977 721 1035 777 vol.
1052 721 1089 778 V.
1106 740 1132 795 p.
1144 720 1206 779 444
1222 741 1298 797 seq.:

263 815 368 896 άμεινον
397 821 425 878 δὲ
460 819 496 896 τῷ
522 817 723 899 Ἁλικαρνασσεί
751 825 882 897 Διονυσίῳ
913 827 1056 900 ἑπομένους
1087 825 1224 897 ποιητικὸν
1252 831 1299 902 μὲν

175 926 256 1008 λόγον
277 927 359 1004 ηάναι
381 928 428 988 τόν
449 929 562 1008 τροπικῇ
584 955 612 990 τε
633 935 678 990 καί
698 933 862 1008 μεταφορικῇ
884 935 930 991 καί
951 933 1149 1012 διθυραμβώδει
1176 934 1298 1012 συνθήκῃ

176 1045 379 1116 συντεθειμένου
401 1038 483 1099 ὁποία
504 1038 520 1114 ή
542 1045 659 1120 Γοργίου
680 1041 728 1100 τοῦ
744 1040 856 1121 ῥήτορος
870 1042 980 1121 φράσις·
1013 1044 1071 1122 πρά
1073 1069 1119 1103 τον
1138 1044 1190 1124 γάρ
1207 1053 1300 1112 ἐκεῖνος

176 1147 212 1216 sic
233 1175 313 1226 φησιν
336 1147 351 1210 ὃ
374 1149 515 1216 Διονύσιος
538 1157 565 1211 ἐν
586 1153 622 1230 rqi
644 1154 704 1229 περὶ
728 1150 860 1229 μιμήσεως
886 1155 996 1231 δευτέρῳ
1021 1153 1068 1228 τήν
1094 1154 1229 1228 ποιητικήν
1255 1157 1299 1212 καί

176 1258 367 1337 διθυραμβώδη
389 1266 458 1328 λέξιν
479 1262 516 1327 είς
536 1261 599 1328 τοὺς
620 1261 770 1328 πολιτικοὺς
791 1263 913 1342 εἲςένεγκε
934 1263 1036 1343 λόγους.

261 1377 340 1435 Max.
356 1377 440 1435 Plan.
464 1397 491 1452 p.
507 1375 584 1436 446:
608 1375 645 1430 ἔτι
665 1397 696 1451 γε
709 1371 760 1450 μήν
782 1379 809 1431 ἐν
830 1373 866 1450 τῷ
888 1376 949 1451 περὶ
968 1371 1099 1451 μιμήσεως
1121 1372 1136 1433 ὁ
1160 1372 1239 1441 αὗτός
1257 1413 1299 1422 -

163 1485 238 1544 ¹scil.
270 1478 412 1546 Λιοιάσιος
441 1517 484 1526 -
512 1507 593 1557 φησιν
623 1482 663 1541 ὅτι
693 1487 809 1562 Γοργίας
837 1489 885 1560 μὲν
919 1481 965 1555 τήν
999 1484 1135 1558 ποιητικήν
1165 1490 1299 1564 ἑρμηνείαν

174 1588 326 1670 μετήνεγκεν
347 1592 383 1656 εἰς
412 1589 508 1672 λόγους
537 1592 687 1658 πολιτικοὺς
718 1589 766 1652 min
798 1590 878 1660 άξιῶν
909 1593 1003 1670 όμοιον
1038 1593 1086 1653 τὸν
1115 1593 1215 1675 ῥήτορα
1244 1603 1300 1662 τοῖς

179 1698 294 1767 ἰδιώταις
314 1697 388 1760 εἶναι.

259 1819 376 1893 Fragm.
404 1818 484 1876 XXI.
511 1817 634 1875 Maxim.
656 1819 741 1876 Plan.
770 1819 818 1877 W.
844 1821 929 1876 rheti.
957 1838 1000 1895 gr.
1028 1821 1085 1878 vol.
1108 1821 1146 1878 V.
1169 1840 1196 1895 p.
1219 1803 1298 1880 446:

261 1925 298 1980 ἔτι
319 1947 350 2001 γε
370 1921 421 2000 μήν
443 1919 458 1981 ὅ
482 1920 562 1988 αὐτὸς
583 1929 610 1981 ἐν
630 1923 667 2000 τῷ
690 1919 761 2000 αὐτῷ
784 1926 871 2000 βιβλίῳ
884 1927 905 2002 ¹)
929 1923 960 1982 τὸ
983 1925 1080 1984 δοκοῦν
1100 1920 1300 1998 ἀνεπιτήδευτον

167 2029 242 2092 ἐἶναι
265 2029 394 2105 άποίητον
416 2029 545 2110 ὀνομάζει.
581 2036 626 2091 καί
647 2032 716 2092 πολὺ
738 2032 843 2092 κάλλιον
864 2025 896 2107 ήν
918 2034 1001 2100 οὕτως
1024 2011 1157 2112 όνομάσαι
1178 2033 1208 2093 τό
1239 2031 1299 2094 ἆνε-

175 2141 329 2215 πιτήδευτον
351 2147 456 2220 ἐπείπερ
477 2143 558 2202 τοῦτο
581 2142 702 2220 ἐβούλετο
725 2143 840 2216 δηλῶσαι
867 2141 883 2218 ἢ
911 2141 945 2209 ὧς
973 2143 1004 2203 οὐ
1030 2143 1179 2218 ποιητικόν·
1207 2143 1300 2224 ἐπάγει

173 2252 227 2333 γάρ
249 2255 294 2312 καί
315 2251 377 2311 τάδε
398 2255 459 2331 περί
472 2257 587 2312 Λυσίου·
611 2256 683 2312 δοκεῖ
700 2253 753 2332 γάρ
777 2251 904 2327 ἀποίητός
924 2278 963 2320 τις
983 2253 1049 2313 εἶναι
1063 2258 1108 2314 καί
1124 2252 1299 2330 ἀτεχνίτευτος

174 2361 189 2423 ὅ
218 2364 262 2436 τῆς
291 2367 424 2441 ἑρμηνείας
455 2359 538 2422 αὐτοῦ
564 2363 700 2442 χαρακτήρ
731 2365 776 2423 ιιοί
804 2369 910 2430 πολλοῖς
940 2362 973 2423 (ir
1001 2367 1045 2422 καί
1073 2365 1125 2424 τών
1152 2364 1300 2446 φιλολόγων

172 2471 310 2552 παράσχοι
339 2471 421 2539 δόξαν
450 2471 491 2532 ότι
518 2469 720 2546 ἀνεπιτηδεύτως
745 2476 790 2532 καί
818 2471 849 2534 ori
875 2473 944 2532 κατά
970 2480 1061 2548 τέχνην
1088 2472 1243 2552 αὐτομάτως
1271 2479 1301 2535 δέ

176 2607 233 2649 πως
263 2586 308 2642 καί
338 2580 373 2648 ὦς
402 2585 475 2657 ἔτυχε
504 2583 649 2662 σύγκειται·
681 2587 736 2642 ἔστι
765 2587 793 2643 δὲ
822 2584 922 2650 παντὸς
952 2587 1031 2664 ἔργου
1056 2587 1156 2662 μᾶλλον
1182 2586 1300 2659 τεχνικοῦ

173 2699 426 2772 κατεσκευασμένος·
449 2698 590 2767 πεποίηται
604 2693 657 2773 γάρ
678 2690 761 2753 αὐτοῦ
782 2693 814 2754 τό
838 2691 966 2768 ἀποίητον
987 2697 1032 2753 καί
1054 2697 1154 2754 δέδεται
1175 2695 1207 2754 τὸ
1226 2701 1298 2755 λελυ-

172 2810 252 2881 μένον
277 2807 323 2864 καί
349 2811 377 2863 ἐν
404 2801 475 2882 airus
501 2805 538 2880 τῷ
564 2803 600 2882 μή
627 2807 711 2863 δοκεῖν
733 2805 821 2870 δεινῶς
842 2804 1058 2864 κατεσκευάσθαι
1079 2804 1111 2864 τό
1134 2805 1218 2864 δεινὸν
1240 2809 1299 2879 ἔχει,

258 2922 375 2996 Fragm.
391 2921 486 2979 XXII.
503 2921 593 2978 Dion.
609 2920 677 2979 Hal.
694 2940 738 2995 ep.
754 2921 799 2979 ad.
814 2921 989 2997 Pompejum
1012 2941 1036 2980 e.
1051 2921 1108 2979 III.
1124 2941 1151 2996 p.
1169 2917 1230 2980 766
1246 2923 1297 2978 R.:

244 3126 262 3192 ¹)
287 3129 347 3178 Seii.
371 3130 397 3178 in
419 3129 486 3178 libro
510 3129 621 3178 secundo
644 3131 866 3180 commentationis
891 3125 953 3194 περὶ
974 3124 1119 3192 μιμήσειιςς
1146 3131 1232 3192 itaque
1255 3136 1300 3178 aut

174 3230 246 3264 error
262 3213 371 3263 Maximi
389 3214 512 3263 Planudis
535 3215 683 3264 statuendus
706 3223 742 3264 est
766 3222 810 3264 aut
827 3215 967 3278 Dionysius
990 3216 1118 3277 putandus
1140 3229 1168 3263 se
1187 3215 1241 3277 ipse
1258 3215 1300 3263 de-

174 3300 319 3363 scripsisse,
337 3299 414 3349 verbs
432 3301 501 3348 enim
519 3298 592 3348 δοκεῖ
606 3296 656 3366 γὰρ
676 3298 730 3347 κτλ.
749 3315 828 3362 usque
847 3301 879 3349 ad
897 3300 973 3348 finem
991 3314 1071 3362 paene
1089 3313 1194 3363 prorsus
1213 3299 1300 3348 eadem

173 3385 294 3449 leguntur
310 3386 337 3434 in
353 3385 407 3448 jud.
428 3385 458 3434 de
467 3385 526 3449 Lys.
547 3400 569 3434 ο.
581 3385 626 3434 ΙΧ.
640 3402 665 3449 p.
678 3384 728 3432 468
741 3385 781 3446 R„
799 3393 980 3447 praeterquam
999 3385 1067 3446 quod
1086 3384 1188 3432 codices
1201 3383 1303 3447 Diony·

173 3471 238 3520 siani
256 3470 353 3519 habent
371 3461 499 3534 ἁρμονίας
517 3486 564 3534 pro
589 3467 736 3536 ἑρμηνείας,
760 3471 851 3520 deinde
874 3469 951 3532 paulo
974 3469 1056 3517 fusius
1078 3484 1156 3531 quam
1173 3467 1302 3517 Planudes

173 3555 262 3604 tradit:
282 3551 327 3602 καί
340 3547 372 3604 οίι
385 3547 553 3613 θαυμάσαιμ’
574 3549 608 3602 οἲν
626 3551 648 3602 εί
666 3555 745 3603 πᾶσα
756 3554 803 3613 μίν
821 3555 876 3608 τοῖς
895 3548 1011 3606 ἰδιώταις
1029 3546 1076 3601 οίικ
1095 3547 1194 3613 ὀλίγοις
1211 3551 1238 3600 δὲ
1257 3550 1304 3600 καί

173 3639 225 3688 τῶν
242 3637 383 3702 φιλολόγων
401 3632 462 3688 ὅσοι
478 3636 515 3704 μή
536 3637 650 3701 μεγάλας
674 3639 764 3701 ἔχουσι
786 3636 880 3706 τριβάς
903 3636 965 3705 περί
988 3634 1080 3698 λόγους
1098 3633 1225 3701 τοιαύτην
1241 3619 1303 3686 τινά

173 3719 320 3791 παράσχοι.
351 3726 470 3788 Denique
487 3726 556 3789 apud
573 3727 652 3774 Dion.
670 3727 697 3774 in
712 3725 769 3788 jud.
788 3726 818 3774 de
836 3725 910 3789 Lym:
930 3720 1032 3778 παντὸς
1049 3722 1149 3781 μᾶλλον
1168 3723 1244 3788 ἔργου
1263 3731 1303 3773 et:

172 3806 319 3872 πεποίηται
336 3805 387 3874 γάρ
406 3802 486 3872 αὐτῷ.
504 3833 538 3843 --
557 3809 623 3859 Cum
641 3810 764 3873 supremis
783 3810 920 3872 fragmenti
937 3809 1022 3858 verbis
1041 3809 1198 3858 conferenda
1215 3810 1305 3858 viden-

172 3903 224 3956 tur,
243 3910 309 3958 quse
326 3893 402 3944 habet
420 3894 524 3944 Tzetzes
543 3893 628 3944 Schol.
647 3895 674 3942 in
693 3894 815 3957 Hermog.
839 3919 873 3928 -
897 3893 994 3942 Anecd.
1014 3893 1060 3944 Gr.
1080 3893 1166 3944 Oxon.
1184 3894 1234 3942 vol.
1254 3893 1305 3943 IV.

175 3979 232 4042 127,
256 3979 289 4028 20
313 3993 399 4042 seqq.:
427 3977 552 4044 περὶτῆς
570 3973 650 4042 οὔσης
668 3978 731 4040 λέγει
750 3977 778 4027 δὲ
803 3976 847 4026 καί
870 3978 906 4043 μή
930 3974 1058 4042 δοκυίισης
1084 3967 1150 4027 εἶναι
1174 3971 1260 4027 όποία
1285 3973 1306 4042 ή

174 4059 291 4129 δεινότης
308 4053 340 4129 ἢν
357 4063 406 4112 τοῦ
423 4060 535 4130 ῥήτορος
552 4061 669 4124 Λυσίου,
687 4063 718 4113 τὸ
738 4062 934 4128 Δημοσθένους
953 4061 1003 4130 γὰρ
1023 4061 1107 4114 δεινόν
1125 4057 1180 4112 κατ’
1202 4063 1310 4112 ἔννοιαν

175 4144 300 4216 ι’ίτιάρχεη
319 4144 435 4213 δεινότης
452 4145 468 4214 ή
489 4147 641 4217 Δεινάρχου
659 4149 686 4200 δὲ
704 4147 804 4213 γίνεται
816 4144 887 4225 μόνη
907 4149 978 4204 λέξει.
