3042 4790
605 335 907 430 .'-20-

242 529 289 593 οόκ
317 535 409 610 ἔχομεν
435 539 642 612 παρασχέσθαι,
678 531 780 598 πάντας
814 532 868 614 γάρ
896 536 977 612 έγωγε
1004 529 1066 598 τοὺς
1088 528 1300 611 ἀναφερομένους
1324 540 1356 600 εἷς

241 640 323 703 αιἰτόν
356 641 508 721 ἀλλοτρίους
539 641 604 702 εῖναι
636 648 768 720 πείθομαι
799 646 844 701 καί
878 639 940 702 οὗδέ
965 641 1033 701 κατά
1062 642 1155 722 μικρόν
1182 647 1290 718 ἔχοντας
1315 643 1357 703 τόν

241 759 338 814 ἐκείνου
358 755 515 831 χαρακτῆρα
539 751 591 812 οίίέ
616 761 643 813 ἐν
664 761 719 819 τοῖς
739 751 864 830 νοήμασι,
891 755 936 827 τῆς
962 755 989 811 δέ
1016 758 1167 818 συνθέσεως
1189 753 1240 830 ὅλῳ
1261 756 1306 812 καί
1324 752 1357 829 τῷ

240 866 320 922 παντί
341 869 521 940 λειπομένους,
553 855 593 934 τόν
611 871 681 934 ἐστιν
703 863 719 923 ό
739 889 767 922 τε
788 863 913 942 φορτικός
941 865 985 921 καῖ
1015 861 1089 928 κενός
1116 866 1160 920 καί
1185 862 1359 942 παιδαριώδης

241 972 379 1050 ἐπιτάφιος
400 976 445 1031 καί
466 973 497 1032 τό
520 975 568 1032 τοῦ
591 975 750 1050 σοφιστικοῦ
773 972 854 1052 λήρου
874 973 973 1051 μεστόν
995 971 1122 1052 ἐγκώμιον
1143 974 1179 1037 είς
1193 978 1357 1038 Παυσανίαν,

240 1083 287 1149 τάς
309 1087 336 1143 δὲ
356 1086 419 1162 ,περί
439 1082 540 1144 τοότων
562 1081 708 1151 ἀποδείξεις
730 1081 778 1157 οόχ
802 1076 879 1149 οὗτος
902 1082 916 1143 ό
939 1082 1031 1161 καιρός
1052 1088 1140 1161 λέγειν.

325 1201 443 1275 Fragm.
464 1199 515 1257 IX.
539 1200 673 1260 Joannes
695 1200 819 1257 Tzetzes
843 1197 966 1258 Chiliad.
989 1199 1043 1256 VI.
1067 1196 1106 1257 35
1131 1206 1159 1256 et
1181 1216 1277 1272 seqq.:

326 1303 414 1363 Πάλιν
436 1303 686 1382 σεμνοστομιότερόν
707 1329 772 1379 φησι
793 1303 862 1362 κατὰ
885 1309 1007 1381 Νεαίρας

326 1414 392 1474 riui
414 1415 492 1493 τριῶν
516 1413 679 1495 ἐργάζεσθαι
702 1411 775 1473 όπῶν
810 1412 856 1487 τὴν
887 1418 1014 1493 ἐργασίαν

330 1528 387 1583 Καὶ
418 1522 502 1584 όίλλων
532 1522 711 1603 αῖσχροτήτων
748 1527 776 1582 δέ
813 1522 961 1602 βορβόρους
998 1519 1130 1583 άποπτόει

335 1635 436 1713 Οόςπερ
468 1633 483 1695 ό
515 1634 657 1700 Διοιόσιος
686 1631 814 1712 όροίματα
841 1639 937 1711 νομίζει

330 1745 384 1817 Τὴν
417 1743 443 1802 δ’
470 1751 597 1825 ἐργασίαν
626 1745 658 1818 ἣν
686 1770 752 1820 φησι
778 1745 857 1823 τριῶν
878 1751 905 1802 ἐκ
927 1741 1102 1821 τρυπημάτων

323 1852 369 1913 Ἐκ
394 1854 443 1914 τοό
464 1859 569 1914 Λυσίου
598 1853 711 1936 ρ’ίμορος
733 1854 832 1932 σεμνῶς
852 1852 1062 1934 γλαφυρωτάτως

326 1961 480 2038 Ῥηθεῖσαν
502 1967 607 2043 ἔκλεψεν
630 1965 746 2043 αίσχρῶς
767 1963 949 2030 έξαναπτόξας
970 1963 1068 2037 ταύτην

325 2073 364 2134 ‘H
383 2074 507 2148 Ἀντιόπη
528 2074 612 2154 μόνον
632 2074 685 2155 γάρ
713 2073 768 2133 ebra
789 2080 893 2141 Λυσίας
914 2073 1000 2152 πόρνη

323 2183 403 2244 ’Ὴτοι
424 2183 440 2259 ίη
463 2183 543 2263 ιῖμφω
564 2193 622 2251 ταῖς
644 2182 723 2250 όπαῖς
744 2186 777 2262 τῇ
798 2190 865 2262 μίξει
887 2190 1027 2262 κεχρημένη

328 2301 508 2374 Παναίσχρως
531 2293 557 2353 δ’
583 2289 661 2362 οὗτος
682 2293 794 2370 ητῖξησεν
824 2293 965 2371 ἀναφανδά
991 2293 1107 2372 ληρησας

331 2404 370 2464 Τό
397 2408 476 2484 ῖργον
504 2412 626 2485 Νέαιραν
651 2412 731 2465 τελεῖν
756 2407 834 2484 τριῶν
861 2414 888 2464 ἐκ
910 2403 1092 2484 τρυπημάτων.
1106 2408 1129 2482 ¹)

239 2597 241 2604 Ι
330 2522 447 2598 Fragm.
469 2523 520 2580 XI.
544 2523 760 2598 Harpocration
783 2543 811 2598 p.
835 2519 889 2595 72,
914 2520 968 2580 12:

331 2629 386 2686 ἐστὶ
414 2629 440 2685 δὲ
467 2630 512 2686 καί
537 2626 616 2706 λόχος
642 2650 680 2694 τις
706 2624 917 2706 ἐπιγραφόμενος
944 2632 1138 2704 Δημοσθένους
1162 2626 1230 2706 πρός
1255 2633 1375 2706 Κριτίαν

245 2740 306 2815 περὶ
334 2738 383 2796 τοτ’]
415 2735 638 2814 ένεπισκήμματος
670 2735 701 2796 όν
730 2742 901 2814 Καλλίμαχος
929 2742 976 2814 μέν
1008 2734 1155 2817 άναγράφει
1186 2736 1220 2803 ὦς
1250 2737 1375 2816 γνήσιον,

248 2845 390 2912 Λιονόσιος
411 2850 439 2906 δέ
462 2844 476 2907 ό
496 2845 697 2925 Ἁλικαρνασεὺς
719 2845 754 2912 ὦς
775 2849 999 2926 ψευδεπίγραφον.

330 2965 448 3039 Fragm.
470 2964 538 3022 XII.
560 2963 686 3021 Photius
708 2964 778 3022 bibl.
802 2965 866 3022 eod.
890 2962 1030 3023 COLXV.
1053 2983 1081 3039 p.
1104 2961 1162 3022 491
1189 2965 1230 3022 B:

331 3071 376 3126 καί
401 3067 448 3127 τόν
474 3065 540 3144 ὑπὲρ
567 3065 693 3146 Σατάρου
722 3070 750 3126 δέ
776 3065 858 3146 λόγον
883 3067 928 3140 τῆς
954 3069 1096 3145 ἐπιτροπῆς
1121 3067 1190 3146 πρός
1215 3071 1379 3146 Χαρίδημον

248 3182 275 3237 οῖ
297 3183 342 3256 μέν
364 3177 432 3256 πρὸς
454 3176 500 3251 τὴν
521 3182 605 3254 κρίσιν
627 3180 730 3251 ἔχοντες
750 3176 781 3236 τό
806 3173 922 3252 ἆσφαλὲς
937 3184 1131 3255 Δημοσθένους
1152 3184 1273 3257 λέγουσιν
1295 3176 1378 3244 εῖναι,

248 3287 262 3346 ό
285 3291 313 3346 δὲ
334 3293 504 3365 Καλλίμαχος
527 3285 585 3346 οὐδ’
610 3287 700 3354 ἱκανός
721 3285 758 3347 ob
778 3292 871 3366 κρίνειν
893 3287 1041 3366 Δεινάρχου
1061 3291 1200 3366 νομίζειί)

320 3502 338 3566 ²)
357 3503 411 3553 Csr.
430 3504 619 3567 Hermogenem
635 3504 677 3554 W.
697 3503 770 3552 rheti.
789 3518 828 3566 gr.
847 3502 894 3551 III.
918 3501 1042 3552 308.111a
1066 3497 1166 3568 οίίσπιρ
1191 3496 1205 3551 ό
1229 3500 1383 3559 Διονύσιος

248 3584 376 3655 ἀρώματα
395 3603 453 3637 cum
470 3589 582 3636 nesciam
600 3595 668 3638 certo
688 3588 791 3636 cuidam
808 3589 866 3636 loeo
885 3588 1009 3648 tribuere,
1027 3595 1090 3652 puto
1109 3589 1217 3638 fortasse
1229 3603 1283 3636 non
1297 3605 1386 3653 pror-

247 3691 289 3724 sus
313 3676 398 3738 inepte
423 3674 464 3722 hic
492 3672 591 3720 ascribi.
633 3673 788 3735 Dionysium
820 3673 1071 3722 Halicarnassensem
1097 3673 1289 3735 intelligendum
1319 3689 1387 3724 esse

248 3759 348 3823 putavit
362 3759 416 3821 jam
434 3758 560 3822 SauppIus
579 3772 616 3806 or.
635 3765 678 3805 att.
698 3756 730 3805 ΙΙ.
749 3773 774 3819 p.
794 3755 850 3805 212.

317 3839 339 3903 ²)
365 3844 444 3890 Dion.
471 3843 527 3890 Hal.
556 3843 588 3890 de
616 3837 678 3890 Din.
703 3857 725 3890 c.
748 3842 820 3891 XIII.
845 3857 870 3905 p.
896 3841 945 3890 667
969 3843 999 3892 R.
1026 3844 1092 3892 inter
1118 3843 1217 3907 spuriae
1245 3843 1391 3893 DInarchi

250 3929 379 3977 orationes
397 3928 475 3976 refert
487 3942 564 3989 quam
578 3927 652 3976 dicit:
671 3922 784 3992 Σατύρῳ
803 3924 869 3991 πρὸς
887 3925 1047 3990 Χαρίδημον
1066 3925 1210 3996 ἐπιτροπῆς
1228 3921 1392 3988 ἀπολογία·

251 4010 300 4076 ,μη
323 4007 438 4072 μεχαίλου
457 4007 573 4060 κινδίινου
592 4008 815 4074 συμβεβηκότοςῆ
840 4011 884 4060 καί
903 4000 979 4068 οὗτος
1005 4011 1049 4062 ἐπί
1075 4007 1234 4073 Νικομάχου
1261 4011 1391 4078 ιίρηται.

248 4099 289 4147 Ex
306 4099 460 4160 comparatis
479 4098 598 4160 Dionysii
617 4106 641 4146 et
659 4097 745 4146 Photii
763 4098 847 4147 verbis
869 4107 976 4162 apparet
994 4100 1020 4147 in
1043 4099 1174 4163 deperdita
1192 4099 1397 4150 Demostheni-

249 4199 336 4231 carum
360 4183 506 4230 orationum
531 4197 638 4230 censura
660 4183 815 4246 Dionysium
839 4183 958 4232 tribuisse
981 4184 1126 4233 orationem
1143 4199 1190 4248 pro
1208 4183 1303 4249 Satyro
1324 4186 1398 4234 De·
