3042 4790
705 315 916 374 ,42-

252 484 468 557 dedicaverunt,
483 485 558 542 sient
575 482 727 557 Caecilius,
746 485 917 563 Dionysiae,
934 485 1082 544 Rutilius“
1101 497 1131 546 et
1145 507 1171 562 q.
1188 507 1210 545 s.
1236 488 1369 546 Audien-

252 595 307 652 dus
329 595 411 652 testis
435 603 479 652 est
501 595 587 652 etiam
603 595 886 669 Halicarnassensis,
909 597 959 670 qui
980 615 1010 654 se
1025 597 1107 654 illum
1123 598 1229 655 librum
1246 599 1370 657 seribere

250 705 281 764 in
303 704 401 762 animo
423 706 532 763 habere
555 703 626 762 dicit
641 705 676 762 de
692 707 778 763 Dem.
801 725 824 764 o.
840 707 976 764 XXXIX.
996 727 1024 781 p.
1042 705 1139 794 1072:
1162 707 1370 780 ἐξαριθμεῖσθαι

250 810 279 867 cla*
306 808 352 867 νῦν
381 807 434 868 ὅσα
463 813 524 887 γένη
550 810 737 888 σχηματισμῶν
763 817 818 868 ἐστι
842 811 893 869 τῶν
919 835 947 870 τε
977 817 1219 888 κατωνομασμένων
1249 814 1296 870 καὶ
1321 813 1371 871 τοῖιν

251 915 473 996 ἀκατονομάστων
500 921 546 977 καὶ
575 923 642 978 τῖσιν
674 916 758 978 αὐτῶν
787 917 802 992 ᾗ
833 917 941 993 τοιαύτη
971 919 1085 995 μάλιστα
1115 927 1229 998 πὲφοκον
1259 920 1370 1000 ἆρμονιά
1472 965 1473 972 .

247 1034 359 1107 χαίρειν,
392 1026 440 1088 οὐκ
466 1031 515 1102 ἔχω
542 1027 642 1106 καιρόν.
686 1035 757 1092 Alia
784 1035 915 1110 ejusdem
943 1035 1070 1094 auctoris
1093 1039 1185 1094 verba
1207 1057 1282 1112 quae
1305 1045 1371 1094 sunt

250 1145 281 1202 in
303 1146 368 1203 libr.
391 1146 427 1202 de
449 1164 577 1220 compos,
599 1163 662 1218 cap.
684 1143 772 1201 VIII.
794 1165 821 1220 p.
845 1144 901 1204 40:
923 1143 1018 1200 πολλοὶ
1039 1142 1068 1199 δὲ
1089 1139 1174 1215 δήπου
1196 1144 1371 1220 σχηματισμοὶ

193 1319 195 1324 Ι
250 1251 295 1307 καὶ
319 1249 365 1323 τῆς
386 1246 477 1315 λέξεώς
498 1251 563 1308 εἰσιν
589 1247 678 1328 ὥσπερ
700 1249 810 1324 καὶτῆς
832 1250 961 1318 διανοίας,
989 1259 1077 1330 haec,
1105 1257 1185 1329 dieO,
1212 1259 1371 1315 ostendunt

250 1365 428 1441 Dionysium
451 1367 624 1423 sollemnem
647 1365 811 1439 aequalium
836 1363 1010 1423 divisionem
1034 1367 1065 1423 in
1089 1387 1124 1424 eo
1140 1367 1215 1425 libro
1231 1386 1371 1439 servasse,

251 1495 337 1550 quam
360 1485 476 1534 secutos
500 1495 562 1533 esse
585 1483 686 1532 notum
712 1479 754 1531 est
778 1472 952 1546 Caecilium,
975 1474 1261 1550 Phoebammonem,
1283 1478 1371 1535 Tibe·

250 1585 334 1642 rium.
378 1584 490 1644 Suadet
518 1595 614 1642 autem
645 1585 808 1660 Dionysius
834 1585 990 1660 figurarum
1018 1606 1103 1644 usum
1134 1588 1281 1661 quendam
1311 1607 1371 1644 me-

252 1695 380 1754 diocrem
403 1695 434 1752 in
457 1703 598 1754 tractatu:
621 1692 681 1768 neqi
701 1689 753 1748 τῶν
774 1697 801 1748 ἐν
821 1695 937 1766 μελέταις
952 1695 1185 1768 πλημμελοιιμὲνων
1206 1689 1242 1748 ια’
1265 1717 1292 1772 p.
1309 1695 1369 1756 385

249 1806 285 1863 R.
329 1806 456 1882 Figurae
478 1813 574 1863 autem
598 1825 669 1880 quas
687 1805 849 1882 Dionysius
873 1807 1023 1865 nonnullis
1045 1816 1225 1866 servatorum
1248 1808 1371 1886 seripto-

250 1935 313 1972 rum
336 1916 411 1973 loeis
434 1925 642 1974 commemorat
664 1918 719 1973 hae
742 1925 825 1974 sunt:

666 2015 823 2096 Σχήματα
845 2025 958 2087 λέξεως

335 2136 531 2196 attidem:
549 2137 586 2194 ad
600 2139 699 2194 Amm.
718 2137 757 2194 Il.
774 2155 797 2195 e.
812 2134 830 2194 2
847 2157 873 2211 p.
891 2135 965 2211 792,
986 2157 1009 2196 o.
1028 2137 1064 2196 17
1082 2159 1109 2214 p.
1127 2136 1202 2212 808,
1225 2139 1260 2198 da
1276 2139 1370 2198 Thuo.

251 2265 278 2305 o.
293 2245 334 2304 24
356 2261 387 2324 p.
403 2244 478 2320 869,
502 2248 538 2304 de
554 2249 641 2304 Dem.
664 2266 687 2305 o.
704 2245 744 2304 25
767 2267 795 2322 p.
814 2245 907 2319 1033,
931 2268 954 2307 e.
972 2247 1012 2307 40
1032 2271 1059 2325 p.
1082 2247 1162 2309 1078
1179 2283 1219 2294 -
1237 2251 1371 2325 exempla

251 2357 314 2433 ejus
336 2360 464 2433 figurae:
488 2359 524 2414 de
546 2355 636 2416 Isoor.
659 2376 683 2416 e.
708 2357 746 2415 14
769 2375 796 2433 p:
820 2356 880 2416 562
904 2368 1014 2433 etseq.

335 2467 546 2542 Hoplooote:
563 2469 598 2526 de
614 2471 742 2552 pompos.
758 2487 781 2526 e.
792 2465 831 2524 22
849 2489 876 2543 p.
891 2465 957 2541 148,
973 2469 1009 2526 ad
1020 2473 1119 2527 Amm.
1133 2469 1174 2527 ΙΙ.
1192 2467 1244 2528 α2
1261 2489 1288 2544 p.
1300 2459 1372 2548 792,

250 2598 274 2636 o.
297 2578 316 2638 6
338 2599 366 2654 p.
390 2577 463 2653 808,
488 2579 525 2638 da
549 2581 635 2637 Dem.
658 2599 681 2638 o.
704 2578 744 2638 40
767 2599 794 2654 p.
814 2577 903 2637 1078.
926 2613 965 2621 -
990 2580 1133 2640 deIsoer.
1157 2599 1179 2638 ο.
1199 2578 1237 2638 14
1259 2600 1287 2655 p.
1308 2577 1366 2638 561

251 2699 279 2748 at
302 2710 361 2765 seq.
495 2766 499 2780 Ι

334 2799 589 2874 Παρομοίωσιςι
617 2801 653 2858 (1ο
682 2821 776 2876 comp.
804 2819 827 2859 o.
850 2799 890 2858 22
915 2821 941 2876 p.
969 2799 1042 2873 149,
1072 2819 1096 2859 o.
1120 2797 1159 2858 23
1183 2820 1211 2875 p.
1237 2797 1311 2872 185,
1334 2800 1373 2858 ad

249 2911 349 2970 Amm.
371 2913 411 2969 ΙΙ.
435 2932 463 2986 p.
486 2909 562 2984 792,
584 2931 609 2969 ο.
637 2911 673 2969 17
698 2931 724 2986 p.
749 2909 825 2984 808,
849 2913 884 2968 (1ο
907 2912 992 2969 Dem.
1016 2930 1039 2968 e.
1062 2909 1102 2968 40
1126 2931 1153 2985 p.
1179 2907 1268 2969 1078.

335 3021 602 3094 Hopovopaolu:
625 3023 662 3080 ad
684 3023 783 3080 Amm.
805 3022 845 3078 11.
869 3041 892 3080 e.
915 3019 933 3078 2
957 3040 984 3095 p.
1008 3018 1084 3093 792,
1107 3021 1143 3078 de
1173 3022 1259 3078 Dem.
1283 3039 1307 3078 c.
1331 3019 1374 3078 40

250 3152 278 3206 p.
305 3129 396 3191 1078.

332 3220 556 3316 Ἐπαναφοροῖ,
588 3235 815 3314 Άντιστροφή,
847 3234 1069 3313 Ἀναστροφήτ
1102 3242 1138 3299 de
1166 3243 1252 3301 Dem.
1284 3259 1309 3300 c.
1331 3239 1374 3300 40

250 3372 279 3428 p.
304 3351 394 3412 1078.

637 3455 794 3533 Σχήματα
816 3457 976 3522 διανοίας.

334 3573 619 3648 Προσωποποιὶαε
643 3575 679 3631 de
702 3575 795 3632 Thuc.
821 3593 845 3631 e.
861 3571 899 3632 37
925 3594 952 3649 p.
978 3571 1048 3632 906,
1083 3565 1308 3646 Διαπόρησιςι
1331 3573 1373 3630 de

251 3704 379 3760 compos.
403 3705 426 3744 o.
450 3683 468 3744 8
491 3705 519 3760 p.
543 3685 593 3746 46.
625 3677 858 3755 Ηλεονασμόςε
882 3685 917 3741 de
940 3685 1025 3742 Dem.
1049 3703 1072 3742 o.
1096 3683 1135 3742 50
1160 3703 1186 3758 p.
1213 3682 1302 3742 1106.

335 3794 470 3854 Ceterum
495 3796 649 3872 distinguit
670 3799 707 3854 ab
730 3797 775 3853 his
798 3798 954 3853 verborum
979 3804 1008 3852 et
1034 3795 1245 3852 sententiarum
1269 3795 1377 3868 figuris

250 3905 281 3963 id
297 3906 376 3980 quod
392 3907 492 3964 debuit
507 3902 577 3966 ἰδέας
591 3898 719 3979 τροπικός
738 3908 784 3964 vel
799 3899 928 3979 τρόπους,
949 3905 999 3963 ofr.
1016 3907 1052 3964 de
1069 3906 1163 3962 Thoe.
1180 3924 1203 3963 e.
1224 3905 1242 3962 5
1259 3925 1286 3980 p.
1302 3903 1380 3977 966,

251 4017 287 4074 de
310 4018 395 4076 Dem.
419 4036 441 4074 o.
465 4016 505 4076 48
528 4038 555 4092 p.
582 4016 676 4090 1103,
700 4019 736 4075 da
755 4017 823 4092 Lys.
847 4037 869 4073 o.
891 4014 908 4074 3
934 4037 960 4091 p.
982 4015 1052 4074 457.
1097 4016 1180 4089 Quos
1208 4014 1381 4074 nominavit

251 4128 413 4202 Dionysius
436 4137 505 4185 sunt
528 4128 604 4202 tropi
628 4129 676 4186 hi:
