3042 4790
593 337 804 394 ..15..

225 505 311 580 Quod
337 515 402 564 utut
432 515 488 579 est,
516 507 679 564 mutilatum
703 527 781 565 nunc
804 508 920 564 initium
944 509 1200 567 commentationis
1223 511 1259 568 de

156 618 180 674 vi
205 617 317 674 dicendi
349 617 559 675 Demosthenis
589 635 787 693 praegressam
820 637 882 676 esse
917 617 1080 693 longiorem
1114 621 1259 695 quandam

155 727 339 785 definitionem
362 728 481 802 grandis
504 729 582 800 quod
610 727 716 784 dieitur
742 728 859 786 dicendi
881 728 998 804 generis
1009 724 1048 800 1),
1080 737 1200 804 apparet
1223 749 1261 788 ex

154 839 201 894 fine
222 855 282 912 cap.
303 837 343 894 11.
366 856 393 911 p.
416 835 477 896 958
501 839 550 910 R.,
579 839 631 895 ubi
653 839 815 914 Dionysius
838 847 992 913 postquam
1016 839 1143 897 absolvit
1171 849 1260 898 tenue

154 947 257 1004 dicendi
289 966 384 1022 genus
415 949 488 1005 haee
520 949 622 1005 habet:
662 941 708 1001 δύο
738 947 785 1018 μὲν
815 943 845 1014 δὴ
873 943 1036 1022 χαρακτῆρες
1066 934 1141 1003 οὗτοι
1170 949 1262 1010 λέξεως

89 1099 99 1122 ,
152 1051 268 1110 τοσοῦτον
296 1048 410 1123 ollitas
436 1051 563 1130 διάφοροι
588 1051 656 1110 κατὰ
682 1052 730 1117 τὰς
757 1049 875 1132 ἀγωγάς·
904 1055 949 1110 καὶ
975 1051 1066 1130 ἄνδρες
1093 1057 1120 1112 οἱ
1140 1053 1258 1133 πρωτευ-

151 1184 231 1226 σαντες
261 1168 288 1219 έν
318 1158 407 1226 αιἰτοίς
439 1159 485 1227 olle
511 1164 659 1235 διεξῆλθον.
712 1169 801 1228 Unde
831 1188 884 1243 pro
911 1178 991 1226 certo
1019 1171 1203 1228 concluditur
1228 1171 1259 1228 in

150 1277 186 1334 eis
206 1296 278 1350 quae
300 1296 378 1335 nunc
402 1252 554 1353 deperdita
576 1288 645 1336 sunt
666 1279 835 1336 nominasse
858 1288 887 1336 et
910 1299 1059 1338 enarrasse
1082 1281 1259 1356 Dionysium

149 1386 225 1444 etiarn
256 1406 305 1444 eos
333 1387 387 1462 qui
410 1389 439 1444 in
462 1388 568 1462 grandi
594 1407 702 1463 genere
726 1391 925 1447 excelluerunt
951 1399 1080 1448 oratores
1103 1391 1150 1448 vel
1173 1391 1260 1464 primi

149 1498 327 1554 elaborarunt
349 1507 435 1572 atque
458 1499 552 1573 primo
574 1499 640 1556 loco
657 1498 815 1574 Gorgiam,
839 1519 924 1573 quem
940 1499 1071 1558 Blassius
1091 1520 1118 1575 p.
1135 1498 1174 1558 58
1193 1501 1261 1558 libri
1300 1501 1313 1526 ⁸

147 1609 180 1664 de
200 1607 285 1664 attica
307 1608 476 1682 eloquentia
502 1608 583 1665 nisus
612 1609 739 1666 maxime
762 1609 902 1684 Dionysii
928 1609 1025 1668 verbis
1048 1611 1084 1668 de
1107 1613 1260 1668 Demosth.

145 1737 201 1792 cap.
215 1717 284 1775 IV‚:
309 1709 334 1783 (ίχ
354 1708 509 1790 Ἰσοράιους
530 1717 609 1788 λέξις)
632 1712 676 1786 τῆς
700 1715 860 1772 Θουκυδίδου
882 1716 927 1771 καὶ
941 1718 1057 1794 Γοργίου
1078 1713 1125 1787 τὴν
1143 1720 1258 1794 μεγαλο-

144 1827 264 1900 πρέπειαν
278 1824 322 1879 καί
338 1821 483 1898 οεγινρτητα
505 1825 549 1879 καὶ
571 1828 736 1902 καλλιλογίαν
757 1819 890 1898 ἀνείληφεν
906 1850 930 1887 e.
946 1850 993 1905 qu.
1010 1849 1031 1887 s.
1047 1830 1124 1888 illius
1141 1831 1260 1888 dicendi

143 1937 254 2013 generis
281 1937 465 2008 inventorem
494 1957 556 1996 esse
585 1939 721 2014 conjecit.
750 1941 931 2016 Fragmenta
953 1941 1034 1999 nulla
1055 1950 1156 1998 extant
1180 1961 1260 1999 com·

145 2049 355 2105 mentationum
378 2045 438 2118 περὶ
453 2045 636 2120 πραγματικῆς
651 2049 841 2120 Δημοςθένους
856 2041 1016 2118 δεινότητος,
1041 2052 1077 2107 dc
1099 2051 1260 2123 Aeschine,

142 2160 176 2215 de
190 2159 348 2233 Hyperide.
386 2157 465 2231 Quid
483 2159 518 2216 de
534 2159 687 2234 Hyperide
704 2170 819 2218 oratore
832 2149 973 2236 judicarit
988 2161 1166 2238 Dionysius,
1190 2181 1259 2219 con-

140 2268 215 2326 cludi
238 2277 336 2343 potest
359 2289 395 2324 ex
418 2269 491 2326 locis
515 2271 665 2326 nonnullis
688 2278 800 2328 tractat.
824 2273 858 2329 de
875 2271 1025 2329 Dinarcho
1049 2290 1131 2346 capp.
1152 2271 1189 2328 V.
1205 2273 1259 2330 VL

137 2378 207 2436 VII.
230 2399 257 2453 p.
273 2376 343 2449 639,
368 2376 437 2448 640,
462 2377 532 2450 641,
556 2377 616 2437 643
641 2381 676 2438 de
699 2391 770 2439 vett.
794 2381 891 2456 script.
914 2400 992 2439 cens.
1016 2401 1040 2440 c.
1064 2381 1117 2438 VI.
1140 2402 1167 2456 p.
1188 2379 1259 2441 434.

135 2489 295 2546 Aeschinis
321 2489 438 2545 laudem
466 2488 534 2546 vide
562 2490 598 2547 de
625 2491 710 2546 Dent.
733 2511 761 2566 p.
787 2489 881 2562 1063,
910 2492 946 2548 de
969 2500 1040 2548 vett.
1063 2491 1159 2566 script.
1181 2510 1258 2550 cena.

135 2619 160 2656 a.
181 2599 218 2656 V.
240 2619 267 2674 p.
284 2596 359 2669 434,
382 2598 526 2656 refutatur
541 2600 699 2658 Aeschinis
722 2602 882 2676 malignum
906 2602 942 2658 de
958 2603 1159 2659 Demosthene
1179 2601 1259 2676 judi·

134 2709 211 2767 cium
245 2710 280 2766 de
307 2709 392 2766 Dem.
421 2727 483 2784 cap.
508 2708 556 2766 55.
584 2731 611 2786 p.
638 2708 734 2782 11223
764 2712 911 2782 laudatur,
943 2712 985 2768 ita
1013 2720 1046 2768 ut
1075 2714 1166 2770 verba
1195 2712 1260 2787 ipsa

131 2819 307 2891 afferantur,
346 2819 440 2877 oratio
478 2829 580 2878 eontra
612 2818 834 2895 Ctesiphontem
874 2822 909 2878 da
940 2821 1026 2880 Dem.
1058 2841 1120 2897 cap.
1150 2820 1199 2881 35.
1230 2843 1258 2899 p.

51 2959 60 2986 ι
133 2927 218 2987 1064
242 2930 278 2986 R.

219 3040 337 3114 Fragm.
365 3007 388 3097 1.
416 3040 564 3098 Maximus
592 3042 741 3098 Planudes
768 3042 854 3099 Walz
891 3044 977 3099 rhett.
1007 3062 1048 3118 gr.
1080 3045 1137 3101 vol.
1164 3038 1200 3102 V.
1230 3064 1258 3119 p.

129 3145 198 3208 548
222 3169 302 3224 seqq.
320 3147 346 3219 2)

221 3252 364 3319 Διονύσιος
396 3262 423 3313 ἐν
455 3255 491 3331 τῷ
523 3258 632 3332 δευτέρῳ
658 3259 719 3332 περὶ
747 3255 922 3335 χαρακτήρων
947 3261 1008 3335 περί
1034 3262 1152 3336 Γοργίου
1177 3263 1259 3338 λέγων

121 3362 195 3423 τάδε
218 3369 312 3439 φησίν·
337 3367 475 3430 δικανικοῖς
494 3371 542 3443 μέν
566 3358 612 3425 οὖν
635 3363 666 3426 οὗ
688 3373 846 3445 περιέτυχον·
862 3365 944 3428 αιἰτοῦ
965 3367 1055 3447 λόγοις
1077 3371 1259 3448 δημηγορικοῖς

202 3563 221 3626 ¹)
241 3565 373 3614 Discernit
390 3564 470 3623 enim,
494 3565 520 3612 io
545 3565 614 3626 quod
637 3581 695 3613 cum
718 3580 750 3614 ex
772 3565 857 3614 multis
879 3566 935 3615 aliis
957 3566 1032 3627 locis,
1056 3573 1110 3614 tum
1133 3581 1167 3614 ex
1182 3565 1258 3629 hujus

114 3658 255 3701 tractatus
273 3651 390 3698 mutilato
408 3651 482 3698 initio
496 3650 673 3712 consequitur,
691 3650 830 3714 Dionysius
844 3665 939 3714 genera
955 3652 1057 3699 dicendi
1073 3652 1130 3710 tria,
1148 3665 1258 3713 quorum

112 3737 243 3800 primum
263 3744 311 3785 est:
331 3729 429 3798 λέξιςῆ
450 3733 620 3798 ἐξηλλαγμένη
639 3733 684 3782 καὶ
701 3731 824 3800 περιττὴ,
843 3736 963 3785 alterum:
982 3726 999 3798 ἡ
1019 3732 1076 3798 λιτὴ
1096 3733 1141 3782 καί
1153 3729 1256 3800 ἀφελής,

110 3822 247 3870 tertium:
275 3813 292 3884 ἦ
315 3817 393 3884 μικτή
415 3836 442 3868 τε
466 3819 510 3868 καί
534 3815 661 3876 σύνθετος
685 3817 710 3867 ἐκ
733 3817 832 3869 τούτων
853 3821 904 3869 τῶν
921 3820 1001 3869 δυοῖν.
1037 3820 1103 3870 Sunt
1117 3822 1257 3872 latinorum

107 3907 176 3956 fere
198 3907 430 3968 generedicendi:
458 3907 570 3970 grande,
593 3913 680 3968 tenue,
705 3907 827 3968 mixtum,
851 3908 893 3956 sed
913 3908 969 3956 vide
986 3907 1079 3958 Blassii
1098 3921 1182 3969 graec.
1205 3907 1256 3956 elo·

106 3999 215 4055 quent.
235 4007 261 4055 p.
285 3991 323 4043 111

193 4073 221 4137 ²)
241 4077 345 4126 confer:
369 4077 464 4140 Seupp.
483 4092 534 4126 orr.
553 4084 597 4126 att.
616 4077 650 4126 11.
668 4093 693 4141 p.
716 4076 764 4126 130
782 4084 885 4140 etseq,
909 4078 1017 4142 Spengel
1036 4091 1125 4138 συναγ.
1145 4092 1211 4136 τιχν.
1230 4091 1255 4140 p.

102 4161 143 4209 78
169 4169 203 4211 et
224 4177 279 4224 seq.
